Melon HONEY DEW, kg
https://www.e-maxima.ee/SiteImages/Inventory/c/5/2/c5233848-e8d1-4276-89b4-09cbe9723aa4.png?v=20160209.1158
1,59 €
1,59 € / kg

Melon PIEL DE SAPO, kg
https://www.e-maxima.ee/SiteImages/Inventory/9/f/9/9f9d99e1-c391-41ee-bf3d-5272098a05c7.png?v=20160209.1158
2,69 €
2,69 € / kg

Pirn CONFERENCE suur 2kl., kg
https://www.e-maxima.ee/SiteImages/Inventory/7/2/d/72d5f74a-733d-40a3-8a74-d787e3e77c30.png?v=20160209.1158
1,49 €
1,49 € / kg

Pirn CONFERENCE väike 2kl., kg
https://www.e-maxima.ee/SiteImages/Inventory/9/e/e/9ee096d2-bcea-473e-bdde-7f3843c119c4.png?v=20160209.1158
0,85 €
0,85 € / kg

Õun GRANNY SMITH 2kl., kg
https://www.e-maxima.ee/SiteImages/Inventory/0/e/d/0ed99cbd-a82e-434e-a38c-81c1a9ed69b0.png?v=20160209.1158
1,69 €
1,69 € / kg

Õun GOLDEN suur 2kl., kg
https://www.e-maxima.ee/SiteImages/Inventory/4/5/8/4581781d-ad5f-41b9-be94-d631a6c519b9.png?v=20160209.1158
1,69 €
1,69 € / kg

Pirn COMICE 2kl., kg
https://www.e-maxima.ee/SiteImages/Inventory/1/d/f/1dff506d-2a2d-44ce-8f4b-f91715dbcab0.png?v=20160209.1158
0,99 €
0,99 € / kg

Õun KANZI 2kl., kg
https://www.e-maxima.ee/SiteImages/Inventory/0/1/1/011951e2-3356-4c02-acc3-da2d91761274.png?v=20160209.1158
2,69 €
2,69 € / kg

Õun ROYAL GALA 2kl., kg
https://www.e-maxima.ee/SiteImages/Inventory/c/c/a/cca2eb51-96d4-4713-b4df-70bfaf04cbf1.png?v=20160209.1158
1,45 €
1,45 € / kg

Õun PAULARED 2kl., kg
https://www.e-maxima.ee/SiteImages/Inventory/4/9/3/493f0696-4bdf-4ffc-908c-5a2221852e11.png?v=20160209.1158
0,55 €
0,55 € / kg

Sidrun 2kl., kg
https://www.e-maxima.ee/SiteImages/Inventory/b/b/2/bb232c7f-1543-45b6-9e76-3436060cc951.png?v=20160209.1158
1,69 €
1,69 € / kg

Apelsin SHAMOUTI suur 2kl., kg
https://www.e-maxima.ee/SiteImages/Inventory/7/3/6/7369594b-8ee9-4a77-a763-f6649fd81300.png?v=20160209.1158
0,75 €
0,75 € / kg

Pomelo, kg
https://www.e-maxima.ee/SiteImages/Inventory/1/8/3/1830920f-7011-40c1-bd9a-6bd53f10930d.png?v=20160209.1158
1,59 €
1,59 € / kg

Laim, kg
https://www.e-maxima.ee/SiteImages/Inventory/0/4/b/04b83d2e-be5e-4be1-b427-6a40ff6149ec.png?v=20160209.1158
2,99 €
2,99 € / kg

Apelsin SHAMOUTI väike 2kl., kg
https://www.e-maxima.ee/SiteImages/Inventory/9/2/5/9251d471-c11f-4bf1-906e-97b4b63d0676.png?v=20160209.1158
0,75 €
0,75 € / kg

Greip punane, kg
https://www.e-maxima.ee/SiteImages/Inventory/e/1/f/e1fd8a12-6596-46d3-93d2-f119716d1bde.png?v=20160209.1158
1,09 €
1,09 € / kg

Mandariin Klementiin suur 2kl., kg
https://www.e-maxima.ee/SiteImages/Inventory/5/6/4/564f3c7a-e667-4e76-9276-1aa84bdb51b9.png?v=20160209.1158
1,29 €
1,29 € / kg

Banaan, kg
https://www.e-maxima.ee/SiteImages/Inventory/f/c/b/fcb78006-6442-49bc-b1d7-e39123337550.png?v=20160209.1158
1,25 €
1,25 € / kg

Kiivi 2kl., kg
https://www.e-maxima.ee/SiteImages/Inventory/3/b/7/3b76c1c8-4cd4-464a-9d54-45bb6e96bf4d.png?v=20160209.1158
1,09 €
1,09 € / kg

Granaatõun, kg
https://www.e-maxima.ee/SiteImages/Inventory/0/0/b/00b11bc5-ec1a-4aad-9c42-501c937571de.png?v=20160209.1158
2,14 €
2,14 € / kg

Õun RED PRINCE 2 kl., kg
https://www.e-maxima.ee/SiteImages/Inventory/3/5/1/351be976-28cd-4df6-b687-6aeb3cb4d7ee.png?v=20160209.1158
0,99 €
0,99 € / kg

Ananass suur, kg
https://www.e-maxima.ee/SiteImages/Inventory/c/c/6/cc64c81d-2dc7-45e6-83b2-2f789bf855f2.png?v=20160209.1158
1,79 €
1,79 € / kg

Viinamari punane RED GLOBE 2kl., kg
https://www.e-maxima.ee/SiteImages/Inventory/e/5/2/e52dec0c-e35f-4019-a5c1-87916be78376.png?v=20160209.1158
2,59 €
2,59 € / kg

Viin.hele seem-ta THOMPSON 2kl.,kg
https://www.e-maxima.ee/SiteImages/Inventory/3/3/c/33c08a82-fab1-443b-bbc1-6ae737b837e6.png?v=20160209.1158
4,29 €
4,29 € / kg

Kookos, kg
https://www.e-maxima.ee/SiteImages/Inventory/9/4/9/94938d96-d455-4f36-a15a-d2284db753e3.png?v=20160209.1158
1,39 €
1,39 € / kg

Avokaado, kg
https://www.e-maxima.ee/SiteImages/Inventory/b/1/8/b180febd-e83c-456d-9f05-1eada89b6d80.png?v=20160209.1158
4,69 €
4,69 € / kg

Füüsal, 100g
https://www.e-maxima.ee/SiteImages/Inventory/7/f/9/7f925a2d-2eba-4da9-9efa-a5eb3db91180.png?v=20160209.1158
1,49 €
14,90 € / kg

Mango, kg
https://www.e-maxima.ee/SiteImages/Inventory/e/e/c/eec0b8e6-367f-463b-bd82-ad3f55861d29.png?v=20160209.1158
2,65 €
2,65 € / kg

Avokaado söögivalmis 300g, 2tk karbis
https://www.e-maxima.ee/SiteImages/Inventory/7/2/2/722eff99-058c-4f6b-ae8d-1815326b8826.png?v=20160209.1158
2,99 €
9,97 € / kg

Kartul pestud LAURA pakitud, 2kg
https://www.e-maxima.ee/SiteImages/Inventory/6/0/5/605e9737-6e95-451f-ba0f-5db7c3807608.png?v=20160209.1158
1,72 €
0,86 € / kg

Kartul varajane, lahtine,kg
https://www.e-maxima.ee/SiteImages/Inventory/4/4/2/442c17ab-4f16-4e0c-9c6a-5293b759fbfc.png?v=20160209.1158
0,99 €
0,99 € / kg

Kartul pakitud, kg
https://www.e-maxima.ee/SiteImages/Inventory/b/f/3/bf363ac7-adef-4d77-8932-c966437842a7.png?v=20160209.1158
0,17 €
0,17 € / kg

Kartul lahtine, kg
https://www.e-maxima.ee/SiteImages/Inventory/7/f/0/7f029d50-0477-4d7e-a837-7dc3a8abdcc0.png?v=20160209.1158
0,35 €
0,35 € / kg

Kartul pestud MARABEL pakitud, 4kg
https://www.e-maxima.ee/SiteImages/Inventory/1/0/d/10d37114-8784-4e71-a48a-84584a6d68ef.png?v=20160209.1158
3,25 €
0,81 € / kg

Kartul pestud MARABEL pakitud, 2kg
https://www.e-maxima.ee/SiteImages/Inventory/f/5/d/f5d12ced-2b41-4e10-81f8-0bc212b84dca.png?v=20160209.1158
1,69 €
0,85 € / kg

Punane kartul,pestud,kg
https://www.e-maxima.ee/SiteImages/Inventory/a/7/5/a7508ae6-df5d-4103-b425-44c2d3611f15.png?v=20160209.1158
0,49 €
0,49 € / kg

Kobar-kirsstomat, 500g
https://www.e-maxima.ee/SiteImages/Inventory/4/5/2/452de10f-56be-405f-89b0-e86d6622e375.png?v=20160209.1158
1,49 €
2,98 € / kg

Kirsstomat punane,250g
https://www.e-maxima.ee/SiteImages/Inventory/9/3/0/93079157-e9ea-4a92-80d9-a61ae125554d.png?v=20160209.1158
0,89 €
3,56 € / kg

Kobartomat 2.kl.,kg
https://www.e-maxima.ee/SiteImages/Inventory/d/b/9/db9da6b7-f27f-4e02-87e1-92cc6efc6509.png?v=20160209.1158
1,99 €
1,99 € / kg

Tomat lahtine 2.kl.,kg
https://www.e-maxima.ee/SiteImages/Inventory/8/d/2/8d2591f2-890d-414a-a57b-0417d1cb41b8.png?v=20160209.1158
1,25 €
1,25 € / kg

Tomat KUMATO 2.kl.,kg
https://www.e-maxima.ee/SiteImages/Inventory/b/5/f/b5f9d648-7806-4dcf-9f8a-196a8241ab67.png?v=20160209.1158
2,79 €
2,79 € / kg

Kirss-ploomtomat, 250g
https://www.e-maxima.ee/SiteImages/Inventory/4/5/8/458c1f99-09fe-4a66-946a-e85d3335cb66.png?v=20160209.1158
0,99 €
3,96 € / kg

Ploomtomat karbis, 500g
https://www.e-maxima.ee/SiteImages/Inventory/c/e/2/ce278515-dd06-47a0-91bb-36c9b1884f23.png?v=20160209.1158
1,59 €
3,18 € / kg

Kurk pikk, kiles, kg
https://www.e-maxima.ee/SiteImages/Inventory/a/c/a/acaa5944-09d0-42fc-b0d4-8e623eb03d93.png?v=20160209.1158
1,25 €
1,25 € / kg

Kurk Luunja, kg
https://www.e-maxima.ee/SiteImages/Inventory/1/7/c/17c7ce6c-60bd-43ef-aab5-303dac1bab2e.png?v=20160209.1158
3,59 €
3,59 € / kg

Hapukurk PEIPSI, kg
https://www.e-maxima.ee/SiteImages/Inventory/f/0/a/f0a58359-45b7-4967-b830-9e1833e71b39.png?v=20160209.1158
3,95 €
3,95 € / kg

Soolakurk küüslauguga, 300g
https://www.e-maxima.ee/SiteImages/Inventory/9/1/b/91b3b437-fbc0-468a-8b46-ef93e815387d.png?v=20160209.1158
1,49 €
4,97 € / kg

Hapukurk ämbris PEIPSI, 500g
https://www.e-maxima.ee/SiteImages/Inventory/a/d/0/ad0e04cd-8d02-4277-a742-9274f4cbaa39.png?v=20160209.1158
2,69 €
5,38 € / kg

Hapukapsas pakitud KADARBIKU 500g
https://www.e-maxima.ee/SiteImages/Inventory/1/5/4/15483a1c-2053-4b9a-bf88-9ec7eaa2f4ef.png?v=20160209.1158
0,75 €
1,50 € / kg

Hapukapsas jõhvikatega 900g Eesti
https://www.e-maxima.ee/SiteImages/Inventory/b/b/7/bb785b14-a152-4aa0-b97a-2615e6e34ad6.png?v=20160209.1158
1,35 €
1,50 € / kg

Punane kapsas, kg
https://www.e-maxima.ee/SiteImages/Inventory/a/b/3/ab35d0ee-6578-434e-b418-59e60f1b677a.png?v=20160209.1158
1,29 €
1,29 € / kg

Hiina kapsas, kg
https://www.e-maxima.ee/SiteImages/Inventory/9/1/3/9137a97f-a6d2-4fc1-a493-5b432b90cdd9.png?v=20160209.1158
0,99 €
0,99 € / kg

Peakapsas, kg
https://www.e-maxima.ee/SiteImages/Inventory/6/5/9/65910a2f-ad32-4159-b507-4fb078441256.png?v=20160209.1158
0,32 €
0,32 € / kg

Värske kapsas,kg
https://www.e-maxima.ee/SiteImages/Inventory/a/b/a/abacd91c-3388-47aa-812c-43bd00d1d5d3.png?v=20160209.1158
1,29 €
1,29 € / kg

Brokoli,kg
https://www.e-maxima.ee/SiteImages/Inventory/b/f/5/bf5a64ae-c19d-4459-aa59-4238d17a8c7d.png?v=20160209.1158
1,99 €
1,99 € / kg

Lillkapsas, kg
https://www.e-maxima.ee/SiteImages/Inventory/7/1/a/71a55861-992f-461b-9bb3-feb0b9961357.png?v=20160209.1158
2,69 €
2,69 € / kg

Hapukapsas topsis KADARBIKU 800g
https://www.e-maxima.ee/SiteImages/Inventory/1/e/a/1ea414ff-05ed-40fe-9380-06298b4d36e7.png?v=20160209.1158
1,39 €
1,74 € / kg

Hapukapsas SMAILIE  marinaad.porg.,1kg
https://www.e-maxima.ee/SiteImages/Inventory/9/b/1/9b1984f8-20db-4a26-a7ad-8d365ed03722.png?v=20160209.1158
1,29 €
1,29 € / kg

Punane paprika 2.kl.,kg
https://www.e-maxima.ee/SiteImages/Inventory/9/8/5/98553869-bdce-4ee6-9411-131511d603f8.png?v=20160209.1158
2,99 €
2,99 € / kg

Paprika kollane 2.kl.,kg
https://www.e-maxima.ee/SiteImages/Inventory/4/c/1/4c1ba0c9-a072-4843-a800-02b0de3a66b6.png?v=20160209.1158
3,49 €
3,49 € / kg

Sibul,kg
https://www.e-maxima.ee/SiteImages/Inventory/9/9/a/99ac0710-0b00-42f0-9c6c-0e8989aa54f2.png?v=20160209.1158
0,39 €
0,39 € / kg

Küüslauk, kg
https://www.e-maxima.ee/SiteImages/Inventory/b/e/3/be3dea91-d03f-443f-a66f-bdcc6c9332a6.png?v=20160209.1158
3,99 €
3,99 € / kg

Punane sibul, kg
https://www.e-maxima.ee/SiteImages/Inventory/9/1/c/91c793d6-bf4e-43fc-91b1-c814e21ae458.png?v=20160209.1158
0,65 €
0,65 € / kg

Sibul valge, kg
https://www.e-maxima.ee/SiteImages/Inventory/0/0/2/0022ccc9-fa92-4e89-adaf-c86ded9b15b7.png?v=20160209.1158
1,99 €
1,99 € / kg

Sibul võrgus, kg
https://www.e-maxima.ee/SiteImages/Inventory/d/d/5/dd5bd103-3217-4710-bf85-3d562c5ce1bb.png?v=20160209.1158
0,85 €
0,85 € / kg

Roheline sibul , kg (pakitud)
https://www.e-maxima.ee/SiteImages/Inventory/4/d/1/4d162a74-4cab-4065-8788-41455e6d87b1.png?v=20160209.1158
6,55 €
6,55 € / kg

Küüslauk pakitud 100g
https://www.e-maxima.ee/SiteImages/Inventory/2/0/7/20766132-6747-446f-890f-e36b9e039108.png?v=20160209.1158
0,59 €
5,90 € / kg

Porgand lahtine,kg
https://www.e-maxima.ee/SiteImages/Inventory/8/8/8/888059e6-6cbe-4284-82cb-a95585efce59.png?v=20160209.1158
0,55 €
0,55 € / kg

Porgand pestud pakitud KADARBIKU 500g
https://www.e-maxima.ee/SiteImages/Inventory/5/6/4/56422462-fbee-4446-954e-dca379e0b2db.png?v=20160209.1158
0,43 €
0,86 € / kg

Beebi porgand KADARBIKU 250g
https://www.e-maxima.ee/SiteImages/Inventory/8/a/8/8a8f607a-909f-4419-80b6-e4919e015af7.png?v=20160209.1158
0,83 €
3,32 € / kg

Keedupeet riivitud vaak. LAHEOTSA, 500g
https://www.e-maxima.ee/SiteImages/Inventory/f/3/a/f3a41e08-e165-4f27-81a5-cb7510a36e87.png?v=20160209.1158
1,29 €
2,58 € / kg

Punapeet, kg
https://www.e-maxima.ee/SiteImages/Inventory/c/6/a/c6a5e18f-d057-4c62-97a2-d841f5b6e9ac.png?v=20160209.1158
0,29 €
0,29 € / kg

Steriliseeritud keedupeet vaakumis 500g
https://www.e-maxima.ee/SiteImages/Inventory/e/b/d/ebd5cd84-4b54-4f66-a481-3d7c91136b4a.png?v=20160209.1158
0,79 €
1,58 € / kg

Riivitud keedupeet vaakumis, 500g
https://www.e-maxima.ee/SiteImages/Inventory/e/c/c/ecc4aa53-c477-41b4-8ebb-daccfd4a182b.png?v=20160209.1158
0,89 €
1,78 € / kg

Salat potis, tk
https://www.e-maxima.ee/SiteImages/Inventory/f/a/f/faf35d04-4203-4142-8e79-496dfd8e29ad.png?v=20160209.1158
0,64 €
0,64 € / tk

Jääsalat 2.kl., kg
https://www.e-maxima.ee/SiteImages/Inventory/4/5/8/458e3843-c213-4369-b63d-fda9b4414598.png?v=20160209.1158
2,69 €
2,69 € / kg

Salat Frillice pakis GRÜNE FEE
https://www.e-maxima.ee/SiteImages/Inventory/9/0/9/90911b12-a0d4-4c7f-9ad5-7ea3c10085c4.png?v=20160209.1158
1,15 €
1,15 € / tk

Beebispinat karbis, 100g
https://www.e-maxima.ee/SiteImages/Inventory/4/c/f/4cf90448-1f1b-4dc3-be19-7638b88783c4.png?v=20160209.1158
0,79 €
7,90 € / kg

Rukola karbis,100g
https://www.e-maxima.ee/SiteImages/Inventory/e/8/5/e85ae150-1200-447f-9f1b-12f7cfc73728.png?v=20160209.1158
0,79 €
7,90 € / kg

Salatisegu karbis, 100g
https://www.e-maxima.ee/SiteImages/Inventory/c/1/c/c1c8b8c5-5f94-497a-9827-b274065d7f45.png?v=20160209.1158
0,79 €
7,90 € / kg

Suvikõrvits roheline, kg
https://www.e-maxima.ee/SiteImages/Inventory/0/f/8/0f8f2fab-c64e-4030-80b4-998c0cae30c6.png?v=20160209.1158
1,55 €
1,55 € / kg

Baklažaan,kg
https://www.e-maxima.ee/SiteImages/Inventory/6/1/a/61a495f9-626b-41e8-bbbd-ef27c5695938.png?v=20160209.1158
2,29 €
2,29 € / kg

Redis punane,kg
https://www.e-maxima.ee/SiteImages/Inventory/a/3/8/a38cbc91-d238-477c-9f5f-0eed3c9d3cf5.png?v=20160209.1158
2,59 €
2,59 € / kg

Mustrõigas, kg
https://www.e-maxima.ee/SiteImages/Inventory/4/b/3/4b3e17c5-e900-46b3-a6c3-8449a3e50dcb.png?v=20160209.1158
0,99 €
0,99 € / kg

Redis punane pakitud, 125g
https://www.e-maxima.ee/SiteImages/Inventory/f/1/8/f182150f-e8dc-4afb-a331-0dc47eb001d4.png?v=20160209.1158
0,69 €
5,52 € / kg

Värske punane redis kimbus
https://www.e-maxima.ee/SiteImages/Inventory/8/b/9/8b9e2896-5009-4563-8f22-2bb53d566d0a.png?v=20160209.1158
0,49 €
0,49 € / tk

Basiilik roheline GRÜNE FEE
https://www.e-maxima.ee/SiteImages/Inventory/5/1/7/517e40b3-58e2-4437-8c85-4ffbb75246e7.png?v=20160209.1158
1,29 €
1,29 € / tk

Kaalikas, kg
https://www.e-maxima.ee/SiteImages/Inventory/8/5/9/859ffb73-ab47-40ab-863e-39a4e58d3845.png?v=20160209.1158
0,79 €
0,79 € / kg

Ingverijuur, kg
https://www.e-maxima.ee/SiteImages/Inventory/b/1/0/b10675a6-4e43-4748-b71d-0ef9f62190ad.png?v=20160209.1158
2,05 €
2,05 € / kg

Juurseller, kg
https://www.e-maxima.ee/SiteImages/Inventory/9/f/f/9fff1732-caa8-49fb-ac3d-f093ff27314d.png?v=20160209.1158
0,99 €
0,99 € / kg

Porrulauk, kg
https://www.e-maxima.ee/SiteImages/Inventory/d/b/b/dbbbb634-cdce-4fe3-9be8-4538f0a1466e.png?v=20160209.1158
1,79 €
1,79 € / kg

Basiilik TASTY HOME, 15g
https://www.e-maxima.ee/SiteImages/Inventory/e/b/2/eb2f529e-82a1-4c5a-8c63-69323949d692.png?v=20160209.1158
0,89 €
59,33 € / kg

Varsseller, kg
https://www.e-maxima.ee/SiteImages/Inventory/7/b/9/7b9ef115-ae40-4023-9fdd-b3e7efc88051.png?v=20160209.1158
1,45 €
1,45 € / kg

Till taldrikul, pakitud, kg
https://www.e-maxima.ee/SiteImages/Inventory/3/b/c/3bcee549-5cf5-4f57-b081-9a08b7a1e21d.png?v=20160209.1158
10,15 €
10,15 € / kg

Lehtpetersell taldrikul, pakitud, kg
https://www.e-maxima.ee/SiteImages/Inventory/d/a/c/dac73f07-d535-4232-8bff-47ace3a65136.png?v=20160209.1158
6,29 €
6,29 € / kg

Maitseroheline taldrikul, kg
https://www.e-maxima.ee/SiteImages/Inventory/0/0/6/00641b14-de6a-433e-b704-a7e1356008f0.png?v=20160209.1158
9,99 €
9,99 € / kg

Tšilli pipar pun. pakitud TASTY HOME,50g
https://www.e-maxima.ee/SiteImages/Inventory/0/e/7/0e709133-e29f-49fe-903d-5c57d6ca6f3f.png?v=20160209.1158
1,29 €
25,80 € / kg

Šampinjonid pakitud,250g
https://www.e-maxima.ee/SiteImages/Inventory/6/c/3/6c38975a-cfd4-4893-8ae3-b6d5eeb844e2.png?v=20160209.1158
0,79 €
3,16 € / kg

Šampinjon lahtine, kg
https://www.e-maxima.ee/SiteImages/Inventory/8/f/1/8f1e0a13-1f4b-441c-a572-41519b065fa5.png?v=20160209.1158
2,59 €
2,59 € / kg

Keedetud mais vaakumpakendis 400g
https://www.e-maxima.ee/SiteImages/Inventory/2/2/9/2290d4ea-263b-4fa2-8924-2b67cff5f654.png?v=20160209.1158
1,99 €
4,98 € / kg

Piim AASA 2,5%, 2L
https://www.e-maxima.ee/SiteImages/Inventory/7/f/e/7fe17cf0-2208-470a-b221-652693936710.png?v=20160209.1158
1,49 €
0,75 € / l

Piim ALMA 2,5% 1L PP
https://www.e-maxima.ee/SiteImages/Inventory/5/5/6/55644fd5-8f82-4dd2-b217-4515b5252405.png?v=20160209.1158
0,78 €
0,78 € / l

Piim ALMA 2,5% 1,5L PP
https://www.e-maxima.ee/SiteImages/Inventory/7/9/0/790a774d-562c-48c0-8578-0baac8c3d0aa.png?v=20160209.1158
0,82 €
0,55 € / l

Piim TERE 2.5% 1L kiles
https://www.e-maxima.ee/SiteImages/Inventory/c/f/8/cf89f8e7-d06f-485e-9291-a93188e98bcf.png?v=20160209.1158
0,49 €
0,49 € / l

Piim FARMI 2.5% 1L kiles
https://www.e-maxima.ee/SiteImages/Inventory/4/0/d/40dc843b-26f9-4006-825a-52e31c60e5e6.png?v=20160209.1158
0,48 €
0,48 € / l

Piim TERE 2,5% 1L PP
https://www.e-maxima.ee/SiteImages/Inventory/5/c/f/5cf3c1b9-18fe-4b5d-b915-a1c0a08ad062.png?v=20160209.1158
0,64 €
0,64 € / l

Piim TERE 2.5% 1.5L PP
https://www.e-maxima.ee/SiteImages/Inventory/4/d/6/4d6a8046-b2fa-44d8-b2ab-0bdcf3ca9329.png?v=20160209.1158
0,85 €
0,57 € / l

Piim TERE 2,5% 0,5L PP
https://www.e-maxima.ee/SiteImages/Inventory/0/7/5/075003a6-0030-45de-8e9d-55d5edbe1818.png?v=20160209.1158
0,55 €
1,10 € / l

Piim TERE 3,5% 1L PP
https://www.e-maxima.ee/SiteImages/Inventory/8/3/7/8375d1ce-705f-4607-9e1a-550cc37b5f1f.png?v=20160209.1158
0,75 €
0,75 € / l

Piim ALMA 0.05% 1L
https://www.e-maxima.ee/SiteImages/Inventory/d/2/0/d2012c23-3d7a-4ab6-a446-9a02732ac306.png?v=20160209.1158
0,89 €
0,89 € / l

Piim ALMA 2.5% 0.5l
https://www.e-maxima.ee/SiteImages/Inventory/4/4/5/4450470e-e6ac-4fc4-a866-2373c3195f35.png?v=20160209.1158
0,52 €
1,04 € / l

Piim ALMA 3.5% 1Lkilep.
https://www.e-maxima.ee/SiteImages/Inventory/5/2/3/523eb99f-61e3-4736-a764-869929eefa81.png?v=20160209.1158
0,65 €
0,65 € / l

Piim 2% Farm Milk UHT,1L
https://www.e-maxima.ee/SiteImages/Inventory/a/5/4/a54848c9-93ad-4a33-8594-d730ab10bee8.png?v=20160209.1158
0,79 €
0,79 € / l

Piim 3.2% Farm Milk UHT,1L
https://www.e-maxima.ee/SiteImages/Inventory/3/6/3/363352c6-0edc-4a60-95a9-cb36a9c804c4.png?v=20160209.1158
0,79 €
0,79 € / l

Piim Alma 3,5% 1,5L PP
https://www.e-maxima.ee/SiteImages/Inventory/5/3/8/53806d9a-812f-4a4a-b097-6621ca1575a8.png?v=20160209.1158
0,99 €
0,66 € / l

Piim AASA 3,5%, 2L
https://www.e-maxima.ee/SiteImages/Inventory/8/3/b/83bd69eb-b201-4a25-8318-0ab3c59cf9fd.png?v=20160209.1158
1,59 €
0,80 € / l

Piim ARMAS 2,5% 1l
https://www.e-maxima.ee/SiteImages/Inventory/a/e/6/ae607f6a-ab1e-454e-961c-ba6856c93d0a.png?v=20160209.1158
0,36 €
0,36 € / l

Täispiim Elo FARMI 1kg
https://www.e-maxima.ee/SiteImages/Inventory/0/9/3/09374820-b588-4c60-81ff-005e823c8a2b.png?v=20160209.1158
0,74 €
0,74 € / kg

Sojajook ALPRO vanilje 250ml
https://www.e-maxima.ee/SiteImages/Inventory/b/c/2/bc2cda40-814c-4560-b5fe-9439d0073238.png?v=20160209.1158
0,85 €
3,40 € / l

Sojajook ALPRO kaltsiumiga 1L
https://www.e-maxima.ee/SiteImages/Inventory/a/9/4/a9461e87-1068-468e-b9e3-4fabab280955.png?v=20160209.1158
1,99 €
1,99 € / l

Sojajook ALPRO vanilje 1L
https://www.e-maxima.ee/SiteImages/Inventory/2/1/3/21321701-18a3-49d5-aada-d65a221ced35.png?v=20160209.1158
2,06 €
2,06 € / l

Hapupiimatoode FARMI Rjazenka 500g
https://www.e-maxima.ee/SiteImages/Inventory/8/0/4/804d8c60-e8bd-41ff-8e37-4a38260e736e.png?v=20160209.1158
0,69 €
1,38 € / kg

Hapupiimajook GEFILUS maasika 2,2% 1kg
https://www.e-maxima.ee/SiteImages/Inventory/0/b/a/0baa6a7d-6700-4b0f-a380-e2d2eb3521fb.png?v=20160209.1158
1,39 €
1,39 € / kg

Kitsepiim CANDIA 1.5% 1L
https://www.e-maxima.ee/SiteImages/Inventory/6/d/f/6df3e77b-773f-480c-83e7-043b42dd4878.png?v=20160209.1158
2,79 €
2,79 € / l

Hapupiimajook AIRAN 1% 500g
https://www.e-maxima.ee/SiteImages/Inventory/9/2/b/92b9a12f-822e-427d-b0bd-f42fb0e7328f.png?v=20160209.1158
0,92 €
1,84 € / kg

Hapupiimajook Rjazenka rasv 3,2%
https://www.e-maxima.ee/SiteImages/Inventory/d/d/4/dd47a0cf-b9c8-43bc-85aa-e1e5e219dd43.png?v=20160209.1158
0,75 €
1,50 € / kg

Banaani-piimajook 1,5% RASENS 200ml
https://www.e-maxima.ee/SiteImages/Inventory/c/5/6/c5679ba2-4e59-4bab-909e-c71daac6e6c8.png?v=20160209.1158
0,59 €
2,95 € / l

Maasika-piimajook 1,5% RASENS 200ml
https://www.e-maxima.ee/SiteImages/Inventory/4/b/0/4b06ebaa-57da-4cc6-b0a6-f8b6506ac8f8.png?v=20160209.1158
0,59 €
2,95 € / l

Lak. vaba piimajook Zero Lactose 1,5% 1L
https://www.e-maxima.ee/SiteImages/Inventory/1/c/d/1cde43a5-1935-4e5b-9543-a77c4e1e28a6.png?v=20160209.1158
1,79 €
1,79 € / l

Piimadessert šok.ja pähklitega MONTE 55g
https://www.e-maxima.ee/SiteImages/Inventory/1/2/3/1233d49e-d5a0-4418-95b2-479446ec3ddf.png?v=20160209.1158
0,35 €
6,36 € / kg

Kakaodessert vahukoorega LIEGOIS 175g
https://www.e-maxima.ee/SiteImages/Inventory/3/b/4/3b4487d2-3731-4770-823b-f0ffc1496eb8.png?v=20160209.1158
0,39 €
2,23 € / kg

Dessert LIEGOIS vanilje 175g
https://www.e-maxima.ee/SiteImages/Inventory/b/7/9/b79aca93-5aee-45e8-bf08-582fe65b1f7e.png?v=20160209.1158
0,39 €
2,23 € / kg

Dessert LIEGOIS maasika 175g
https://www.e-maxima.ee/SiteImages/Inventory/a/d/1/ad162403-feda-4251-928b-8dfe105533d2.png?v=20160209.1158
0,39 €
2,23 € / kg

Koorejogurt Zott, 150g
https://www.e-maxima.ee/SiteImages/Inventory/8/7/9/879899ff-76b4-4463-aded-43608e2d7821.png?v=20160209.1158
0,63 €
4,20 € / kg

Jogurt vaarika-kirsi Ehrmann,100g
https://www.e-maxima.ee/SiteImages/Inventory/0/d/e/0dedf19c-6896-4f6c-86ac-7fe2d1677c65.png?v=20160209.1158
0,23 €
2,30 € / kg

Jogurt aprik.ananas.Ehrmann,100g
https://www.e-maxima.ee/SiteImages/Inventory/5/0/a/50a2f2b5-532e-4e65-b586-be8049e1f251.png?v=20160209.1158
0,23 €
2,30 € / kg

Jogurt maasik.virsik.grenad.Ehrmann,100g
https://www.e-maxima.ee/SiteImages/Inventory/0/7/e/07e6096d-91bd-4cad-8227-ed9a6d1f470f.png?v=20160209.1158
0,23 €
2,30 € / kg

Jogurt FARMI BIO leiva-pähkli 400g
https://www.e-maxima.ee/SiteImages/Inventory/6/d/d/6ddcd559-ec33-4d57-aba0-acf0709f7ab7.png?v=20160209.1158
1,02 €
2,55 € / kg

Dessert BAKOMA Satino vanilje,170g
https://www.e-maxima.ee/SiteImages/Inventory/4/e/d/4edc008d-3a53-469e-9e47-e09e4dd6f8b4.png?v=20160209.1158
0,32 €
1,88 € / kg

Jogurt virsik.grenad.ananas.Ehrmann,100g
https://www.e-maxima.ee/SiteImages/Inventory/d/a/a/daa8260f-cad5-469c-ad4e-c0ba9548a0bf.png?v=20160209.1158
0,23 €
2,30 € / kg

Jogurt FANTASIA kirsilisandiga 122g
https://www.e-maxima.ee/SiteImages/Inventory/0/d/4/0d47edfc-28cb-48e0-9bf7-c8d5981afb14.png?v=20160209.1158
0,50 €
4,10 € / kg

Jogurt FANTASIA šok.maisihelvestega 106g
https://www.e-maxima.ee/SiteImages/Inventory/e/3/6/e36801f6-b889-4cc6-ab0d-f516de22ee13.png?v=20160209.1158
0,50 €
4,72 € / kg

Vanillipuding  2,2% tops TERE 250g
https://www.e-maxima.ee/SiteImages/Inventory/b/1/2/b12a45bc-0eae-480c-b2d9-2e10cf000f5c.png?v=20160209.1158
0,92 €
3,68 € / kg

Karamellipuding  2,2% tops TERE 250g
https://www.e-maxima.ee/SiteImages/Inventory/9/9/d/99d64b72-1220-482f-9858-a584f05537c9.png?v=20160209.1158
0,92 €
3,68 € / kg

Jogurt ALMA metsmaasika 2% 1kg PP
https://www.e-maxima.ee/SiteImages/Inventory/4/8/b/48b544c1-46e8-464d-9d87-b9b810bd4b32.png?v=20160209.1158
1,49 €
1,49 € / kg

Jogurt ALMA ahjuõuna 2% 1kg PP
https://www.e-maxima.ee/SiteImages/Inventory/7/2/1/7219457d-9832-4ad2-ae61-166b9a4701b4.png?v=20160209.1158
1,49 €
1,49 € / kg

Jogurt ACTIVIA maasikatega 4x120g
https://www.e-maxima.ee/SiteImages/Inventory/1/d/2/1d2b9e25-e0e9-4584-b7a2-5143fb6495f1.png?v=20160209.1158
1,55 €
3,23 € / kg

Jogurt ACTIVIA  kirssidega 4x120g
https://www.e-maxima.ee/SiteImages/Inventory/d/0/3/d0390e30-ec5b-4f46-8861-9685731a871b.png?v=20160209.1158
1,55 €
3,23 € / kg

Kakaopuding TERE 2.3% 250g
https://www.e-maxima.ee/SiteImages/Inventory/c/7/a/c7adaab4-5c54-4b13-baab-e4369169976c.png?v=20160209.1158
0,92 €
3,68 € / kg

Jogurt HELLUS rabarberi-kaera 2,5%400g
https://www.e-maxima.ee/SiteImages/Inventory/b/0/a/b0acb87a-0e5f-427d-924b-47ed852b9f56.png?v=20160209.1158
0,79 €
1,98 € / kg

Jogurt HELLUS metsamarja 2,5% 400g
https://www.e-maxima.ee/SiteImages/Inventory/5/4/6/54617ad6-bca8-45f5-bb85-7d8df93ca78d.png?v=20160209.1158
0,79 €
1,98 € / kg

Riisipuder AASA aprikoosidega 6% 200g
https://www.e-maxima.ee/SiteImages/Inventory/a/f/7/af730a47-81c0-4496-ab54-9f1344de9585.png?v=20160209.1158
0,64 €
3,20 € / kg

Riisipuder AASA kirssidega 6% 200g
https://www.e-maxima.ee/SiteImages/Inventory/c/0/5/c0526045-9792-4c81-86dc-519b25bc9d50.png?v=20160209.1158
0,64 €
3,20 € / kg

Mannapuder metsmaasikatega AASA 6% 200g
https://www.e-maxima.ee/SiteImages/Inventory/4/b/c/4bcce270-d773-48fd-80df-24cc5cc8eb29.png?v=20160209.1158
0,64 €
3,20 € / kg

Maitsestamata jogurt GEFILUS 2.5%,380g
https://www.e-maxima.ee/SiteImages/Inventory/1/c/a/1ca7bada-bf81-42b2-959d-15c0f6716aa5.png?v=20160209.1158
0,99 €
2,61 € / kg

Vaarikamaitseline jogurti-shake JÄNKS180
https://www.e-maxima.ee/SiteImages/Inventory/2/f/4/2f469ff2-0b4f-40cf-ac46-7e1b2836b5ae.png?v=20160209.1158
0,75 €
4,17 € / kg

Koorekreem KARUMS vanilliga 150g
https://www.e-maxima.ee/SiteImages/Inventory/f/f/2/ff28546b-8cae-4d44-9ec0-4d02cb136f40.png?v=20160209.1158
0,79 €
5,27 € / kg

Koorekreem KARUMS šokolaadiga 150g
https://www.e-maxima.ee/SiteImages/Inventory/5/5/b/55b198ed-f95a-4248-8bb0-172bcb6e6cc2.png?v=20160209.1158
0,79 €
5,27 € / kg

Koorekreem KARUMS karamelliga 150g
https://www.e-maxima.ee/SiteImages/Inventory/2/d/b/2dbc80a4-43ad-464a-91d9-039463a8422d.png?v=20160209.1158
0,79 €
5,27 € / kg

Koorene jogurt FARMI mustikatega 400g
https://www.e-maxima.ee/SiteImages/Inventory/7/9/3/79313628-758d-431f-82cf-471da4d53f4a.png?v=20160209.1158
1,05 €
2,63 € / kg

Koorene jogurt FARMI must.kirssidega400g
https://www.e-maxima.ee/SiteImages/Inventory/6/b/c/6bca46fa-7bd3-40ec-84d8-473fc8fe0f45.png?v=20160209.1158
1,09 €
2,73 € / kg

Koorene jogurt FARMI vaarikatega 400g
https://www.e-maxima.ee/SiteImages/Inventory/a/8/e/a8ea1ab5-ba52-4954-b25f-2fd349bf6387.png?v=20160209.1158
1,09 €
2,73 € / kg

Koorene jogurt FARMI maasik-ga 3.4% 400g
https://www.e-maxima.ee/SiteImages/Inventory/8/f/f/8ff9567d-a45c-4bf4-bd3c-6342f9fb9db2.png?v=20160209.1158
1,09 €
2,73 € / kg

Jogurt ACTIVIA mustika 2.6% 4x120g
https://www.e-maxima.ee/SiteImages/Inventory/8/6/2/862d8293-49a1-4547-bed5-b2a09a5bc20d.png?v=20160209.1158
1,55 €
3,23 € / kg

Jogurt ACTIVIA virs.-müsli 2.6% 4x120g
https://www.e-maxima.ee/SiteImages/Inventory/c/e/7/ce7c6fa4-a9c3-4e26-9f8f-efc7051e9cf3.png?v=20160209.1158
1,55 €
3,23 € / kg

Jäät.maits.jog.MUMUU krõb.šok.kuul 145g
https://www.e-maxima.ee/SiteImages/Inventory/8/a/c/8ac8a6a5-2b02-4b32-9556-1056f04f2997.png?v=20160209.1158
0,69 €
4,76 € / kg

Jogurtimaius ALMA maasika 2.4% 200g
https://www.e-maxima.ee/SiteImages/Inventory/3/2/6/3268ea80-dc3a-4ad8-9b23-6923dbf1630b.png?v=20160209.1158
0,74 €
3,70 € / kg

Jogurtimaius ALMA kirsi 2.6% 200g
https://www.e-maxima.ee/SiteImages/Inventory/3/a/a/3aa62de5-f380-4c2f-8be8-4522cc3b51e3.png?v=20160209.1158
0,74 €
3,70 € / kg

Jogurtimaius ALMA mustika-maasika 200g
https://www.e-maxima.ee/SiteImages/Inventory/a/e/c/aecc69f5-2068-4314-ab35-239d293cae00.png?v=20160209.1158
0,74 €
3,70 € / kg

Jogurt Dr.Hellus mustika-banaani 400g
https://www.e-maxima.ee/SiteImages/Inventory/2/6/a/26a46ced-b40d-49ba-9e10-86c32c057a0d.png?v=20160209.1158
0,79 €
1,98 € / kg

Jogurt GEFILUS mustika 2%380g
https://www.e-maxima.ee/SiteImages/Inventory/3/c/8/3c8154c9-f812-46f3-b382-38de3a93999b.png?v=20160209.1158
0,99 €
2,61 € / kg

Koorene jogurt FARMI virsikutega 400g
https://www.e-maxima.ee/SiteImages/Inventory/8/f/5/8f5be321-a2ee-443e-9628-8d389ff7f714.png?v=20160209.1158
1,09 €
2,73 € / kg

Joogijogurt Activia maasika-kiivi 300g
https://www.e-maxima.ee/SiteImages/Inventory/d/b/1/db13d231-8d85-4c83-8f31-056d302256d7.png?v=20160209.1158
0,79 €
2,63 € / kg

Jogurt FANTASIA šokolaadipallidega 100g
https://www.e-maxima.ee/SiteImages/Inventory/5/a/9/5a9be42b-a0df-4949-b9ee-fb2c932409cd.png?v=20160209.1158
0,50 €
5,00 € / kg

Joogijogurt FARMI apelsini-maasika 1kg
https://www.e-maxima.ee/SiteImages/Inventory/3/4/8/348e522b-18de-4e47-a2e3-cdad43cd9db0.png?v=20160209.1158
1,55 €
1,55 € / kg

Jogurt FARMI maitsestamata 1kg pudel
https://www.e-maxima.ee/SiteImages/Inventory/b/c/c/bcc614a0-d721-4eca-ae06-4e272b0f9c93.png?v=20160209.1158
1,55 €
1,55 € / kg

Jogurtidess.maasika Polskie Smaki 120g
https://www.e-maxima.ee/SiteImages/Inventory/c/f/3/cf3f44ec-1b6b-4ade-8430-7ffbaf554858.png?v=20160209.1158
0,23 €
1,77 € / kg

Jogurtidessert metsam.Polskie Smaki 120g
https://www.e-maxima.ee/SiteImages/Inventory/1/5/0/150c1200-3f46-4b55-8bae-e639bbb6ee18.png?v=20160209.1158
0,29 €
2,23 € / kg

Jogurtidess.virsiku Polskie Smaki 120g
https://www.e-maxima.ee/SiteImages/Inventory/d/3/c/d3c08cbd-90b2-4f05-8049-bfdce7fcb491.png?v=20160209.1158
0,29 €
2,23 € / kg

Jogurtijook ACTIMEL mix vitam. 12x100g
https://www.e-maxima.ee/SiteImages/Inventory/7/a/5/7a5ddb85-95f1-4983-9918-6908c3eddfb9.png?v=20160209.1158
2,69 €
2,24 € / kg

Jog.jook ACTIMEL naturaalne 4x100g
https://www.e-maxima.ee/SiteImages/Inventory/a/e/d/aed1298e-f0c6-4732-9efa-d97421bb0931.png?v=20160209.1158
1,47 €
3,68 € / kg

Jog.jook ACTIMEL maasika 4x100g
https://www.e-maxima.ee/SiteImages/Inventory/1/6/3/1638e7b7-ecb4-4580-ab09-f587e21508a6.png?v=20160209.1158
1,47 €
3,68 € / kg

Jog.jook ACTIMEL puuvilja 4x100g
https://www.e-maxima.ee/SiteImages/Inventory/1/d/5/1d50d5e7-893f-4d38-81b3-1db1d15f05ec.png?v=20160209.1158
1,47 €
3,68 € / kg

Jog.jook ACTIMEL metsamarja 4x100g
https://www.e-maxima.ee/SiteImages/Inventory/6/b/1/6b14ef67-3336-476e-974e-152d742bc75b.png?v=20160209.1158
1,47 €
3,68 € / kg

Jog.jook ACTIMEL maasika 8x100g
https://www.e-maxima.ee/SiteImages/Inventory/8/8/7/8870799b-52f8-4506-ac3b-6645e13c6a83.png?v=20160209.1158
1,85 €
2,31 € / kg

Jog.jook ACTIMEL metsamarja 8x100g
https://www.e-maxima.ee/SiteImages/Inventory/4/9/3/493a790f-af6f-4723-9617-e8d38521c3b7.png?v=20160209.1158
1,85 €
2,31 € / kg

Jogurtijook Danonki maasika 4x100g
https://www.e-maxima.ee/SiteImages/Inventory/2/a/0/2a08b8d4-a40d-4835-8eca-cb05517d64ad.png?v=20160209.1158
1,19 €
2,98 € / kg

Jogurtijook Danonki banaani 4x100g
https://www.e-maxima.ee/SiteImages/Inventory/7/8/6/786b7856-4403-4b6d-a642-c2b1ddca6801.png?v=20160209.1158
1,19 €
2,98 € / kg

Jogurtijook Gefilus ploomi 1,5% 4x100g
https://www.e-maxima.ee/SiteImages/Inventory/9/3/c/93cc762e-9093-4695-9287-765a3540816a.png?v=20160209.1158
1,49 €
3,73 € / kg

Jog.jook Gefilus ban.-maas.1,5% 4x100g
https://www.e-maxima.ee/SiteImages/Inventory/4/1/a/41afed28-48b4-4461-a88a-024fbea281eb.png?v=20160209.1158
1,49 €
3,73 € / kg

Jog.jook Gefilus kiivi 1,4% 4x100g
https://www.e-maxima.ee/SiteImages/Inventory/8/5/7/85772542-9e9d-4549-803f-2602868356cb.png?v=20160209.1158
1,49 €
3,73 € / kg

Jog.jook Gefilus ban.-maas.-kiivi 8x100g
https://www.e-maxima.ee/SiteImages/Inventory/8/8/7/887e8179-562e-4673-a75b-1cac13db0f3b.png?v=20160209.1158
2,59 €
3,24 € / kg

Jogurtijook Gefilus Tutti-Frutti 4x100g
https://www.e-maxima.ee/SiteImages/Inventory/e/2/9/e29f3a2f-2d75-4145-838d-b373fdb74f73.png?v=20160209.1158
1,49 €
3,73 € / kg

Kirsi-vanilli jogurtijook HELLUS,4x100g
https://www.e-maxima.ee/SiteImages/Inventory/3/c/9/3c9eff0e-448a-446b-8bc2-67b68e3c5889.png?v=20160209.1158
1,39 €
3,48 € / kg

Keefir ALMA 2,5% 1kg, PP
https://www.e-maxima.ee/SiteImages/Inventory/8/6/3/86312c96-d66b-490d-a5bb-54315b0914f4.png?v=20160209.1158
0,89 €
0,89 € / kg

Keefir GEFILUS 2,5% 1kg, PP
https://www.e-maxima.ee/SiteImages/Inventory/d/a/b/dab506b3-f534-4bed-8bd1-6dd25f0c2917.png?v=20160209.1158
0,76 €
0,76 € / kg

Keefir HELLUS 2,5% 1kg PP
https://www.e-maxima.ee/SiteImages/Inventory/a/6/4/a649eaa0-cec6-43c9-9cba-96a12b1d8f16.png?v=20160209.1158
0,78 €
0,78 € / kg

Keefir FARMI 2,5% 1kg,kiles
https://www.e-maxima.ee/SiteImages/Inventory/a/5/3/a5339dfd-04d6-4dd3-91c4-3955adafd490.png?v=20160209.1158
0,62 €
0,62 € / kg

Keefir TERE 2,5% 1kg PP
https://www.e-maxima.ee/SiteImages/Inventory/8/a/6/8a6c5e8c-ca72-4635-b84f-23ed6b0a2972.png?v=20160209.1158
0,99 €
0,99 € / kg

Keefir ALMA 2.5% 1kg
https://www.e-maxima.ee/SiteImages/Inventory/a/4/b/a4b13261-b414-4fe7-b9ae-d0949d188579.png?v=20160209.1158
0,69 €
0,69 € / kg

Pett FARMI 1kg kile
https://www.e-maxima.ee/SiteImages/Inventory/c/e/f/cef76ba0-9514-4c12-ba3e-b0d7d0ff8c3d.png?v=20160209.1158
0,69 €
0,69 € / kg

Keefir GEFILUS 2.5% 0.5kg
https://www.e-maxima.ee/SiteImages/Inventory/e/6/2/e62f2c4a-aaf5-4aaf-a9b7-55d6d40dae68.png?v=20160209.1158
0,67 €
1,34 € / kg

Keefir FARMI 2.5% 1kg
https://www.e-maxima.ee/SiteImages/Inventory/0/7/6/076aefc6-9b4c-4a94-9d30-fc4a8fac5be8.png?v=20160209.1158
0,94 €
0,94 € / kg

Keefir ARMAS 2% 1kg kile
https://www.e-maxima.ee/SiteImages/Inventory/7/6/f/76fbfdc2-2214-418f-8aec-0fc557a2a452.png?v=20160209.1158
0,35 €
0,35 € / kg

Keefir Gefilus mustika 2,2% 300g
https://www.e-maxima.ee/SiteImages/Inventory/4/3/c/43cec73d-7feb-42ce-8dc4-5cc278f4c553.png?v=20160209.1158
0,79 €
2,63 € / kg

Keefir Gefilus cappuccino 2,2% 300g
https://www.e-maxima.ee/SiteImages/Inventory/2/f/c/2fc542fc-1c3d-4dd6-b432-db5db9c66228.png?v=20160209.1158
0,79 €
2,63 € / kg

Keefir GEFILUS kama, 300g
https://www.e-maxima.ee/SiteImages/Inventory/4/a/a/4aa773b2-e3a6-452b-8901-c83417504c83.png?v=20160209.1158
0,79 €
2,63 € / kg

Hapukoor ALMA 20% 500g
https://www.e-maxima.ee/SiteImages/Inventory/c/3/0/c308bda1-b07d-40b6-a02c-18f780f65292.png?v=20160209.1158
0,72 €
1,44 € / kg

Hapukoor ALMA 20% 250g
https://www.e-maxima.ee/SiteImages/Inventory/a/c/4/ac409687-6cf3-4f74-97ac-b408e553a2d8.png?v=20160209.1158
0,53 €
2,12 € / kg

Küüslaugu-juustu dipikaste DIPP-TOPS200g
https://www.e-maxima.ee/SiteImages/Inventory/c/2/8/c281689d-b330-4ff2-9ad2-71da8df73e74.png?v=20160209.1158
1,09 €
5,45 € / kg

Kreekapäran.tzatziki dipikaste DIPP-TOPS
https://www.e-maxima.ee/SiteImages/Inventory/2/e/0/2e0e91d9-d8af-4403-8fad-b376fb9841ea.png?v=20160209.1158
1,09 €
5,45 € / kg

Hapukoor FARMI 20% 500g
https://www.e-maxima.ee/SiteImages/Inventory/5/9/9/599809eb-5771-4586-95c6-03bf3032b23c.png?v=20160209.1158
0,64 €
1,28 € / kg

Hapukoor FARMI 20% 350g tops
https://www.e-maxima.ee/SiteImages/Inventory/d/3/1/d318d295-615c-4a79-95b8-528b498c83b6.png?v=20160209.1158
0,99 €
2,83 € / kg

Hapukoor ALMA 10% 500g
https://www.e-maxima.ee/SiteImages/Inventory/b/9/6/b96049b0-f60c-49ba-b3ef-6863d96b0259.png?v=20160209.1158
0,79 €
1,58 € / kg

Hapukoor ARMAS 20% 250g
https://www.e-maxima.ee/SiteImages/Inventory/9/4/b/94bd5bd8-362f-42b4-b202-5ae72b2f2e71.png?v=20160209.1158
0,47 €
1,88 € / kg

Salatikaste ARMAS 20% 400g
https://www.e-maxima.ee/SiteImages/Inventory/0/d/c/0dc98aaf-e8fb-40d7-9b96-7c30202f8a69.png?v=20160209.1158
0,49 €
1,23 € / kg

Dipikaste Dipp-Tops TERE maitseroh.200g
https://www.e-maxima.ee/SiteImages/Inventory/7/b/8/7b83f302-4dc3-4d04-a938-934cec4bd4b0.png?v=20160209.1158
1,09 €
5,45 € / kg

Hapukoor Tere 30% 330g
https://www.e-maxima.ee/SiteImages/Inventory/2/e/8/2e8dea2f-7668-43e3-8a5d-709249d510cd.png?v=20160209.1158
1,29 €
3,91 € / kg

Hapukoor Tere 20% 500g
https://www.e-maxima.ee/SiteImages/Inventory/2/5/4/2542ff5e-773f-4cd1-92ac-5843dcfd9071.png?v=20160209.1158
0,59 €
1,18 € / kg

Dipikaste ürtidega Farmi 200g
https://www.e-maxima.ee/SiteImages/Inventory/3/b/e/3be4e8d3-f224-4bf5-9353-153fde155261.png?v=20160209.1158
1,19 €
5,95 € / kg

Kodujuust mustikatega AASA 7% 150g
https://www.e-maxima.ee/SiteImages/Inventory/6/0/d/60ddd69b-ff5b-4c92-9a7d-1879f3b4f16a.png?v=20160209.1158
0,74 €
4,93 € / kg

Kodujuust vaarikatega AASA 7% 150g
https://www.e-maxima.ee/SiteImages/Inventory/3/a/4/3a41a728-a673-4558-b2c1-6f1f61e30f91.png?v=20160209.1158
0,74 €
4,93 € / kg

Kohupiimakreem ALMA vanilli 2.5% 300g
https://www.e-maxima.ee/SiteImages/Inventory/1/d/d/1dd92c87-8357-41cb-bd0a-9c1fce09571d.png?v=20160209.1158
0,69 €
2,30 € / kg

Kodujuust  ALMA 0.1%, 200g
https://www.e-maxima.ee/SiteImages/Inventory/6/e/7/6e797e58-9808-47dc-9dd1-b6533c7fe5b3.png?v=20160209.1158
0,92 €
4,60 € / kg

Kohupiimakreem TERE Emma kakao 5% 150g
https://www.e-maxima.ee/SiteImages/Inventory/8/d/0/8d09755e-2830-4cf8-953a-b3facceb9a11.png?v=20160209.1158
0,72 €
4,80 € / kg

Kohupiimakreem TERE Emma vanilje 5% 150g
https://www.e-maxima.ee/SiteImages/Inventory/6/6/a/66a88929-e440-4fe7-b38d-39a203bc32f2.png?v=20160209.1158
0,72 €
4,80 € / kg

Teraline kodujuust AASA 7% 200g
https://www.e-maxima.ee/SiteImages/Inventory/7/5/5/755f71da-b306-4764-b6b7-11e0623b12e1.png?v=20160209.1158
0,85 €
4,25 € / kg

Kodujuust murakamoosiga 200g
https://www.e-maxima.ee/SiteImages/Inventory/6/b/a/6ba38a56-9811-4aff-ad94-39a06f005f79.png?v=20160209.1158
1,34 €
6,70 € / kg

Vaarikamaitseline tarretis JÄNKS 150g
https://www.e-maxima.ee/SiteImages/Inventory/4/3/9/4396a3bd-e40e-4137-b443-c2e283907def.png?v=20160209.1158
0,29 €
1,93 € / kg

Kodujuust EKSTRA 5% hapuk-ga, 300+30g
https://www.e-maxima.ee/SiteImages/Inventory/3/1/7/3177d976-eb91-4961-a12d-260869b8757a.png?v=20160209.1158
1,19 €
3,61 € / kg

Kodujuust TERE 0,1% 280g
https://www.e-maxima.ee/SiteImages/Inventory/8/5/4/854f00c6-c9bc-4b0f-b34e-45198d9b673c.png?v=20160209.1158
0,89 €
3,18 € / kg

Kodujuust TERE 4% 300g
https://www.e-maxima.ee/SiteImages/Inventory/1/e/7/1e7d4b07-12d1-4d7d-8377-043a344176de.png?v=20160209.1158
0,89 €
2,97 € / kg

Kohupiim TERE rabarberikisselliga 150g
https://www.e-maxima.ee/SiteImages/Inventory/6/2/5/625b7cc7-cbd2-407d-ae38-d318e8629261.png?v=20160209.1158
0,72 €
4,80 € / kg

Kohupiim TERE vaarikakisselliga 150g
https://www.e-maxima.ee/SiteImages/Inventory/0/1/5/015b304a-9d47-4ecb-bbe6-78662aa85e5a.png?v=20160209.1158
0,72 €
4,80 € / kg

Kohup.kreem aprik.moosiga 2,5% 150g TERE
https://www.e-maxima.ee/SiteImages/Inventory/8/a/b/8abb2c2f-90f4-415a-b2df-0ea5ae5bd080.png?v=20160209.1158
0,72 €
4,80 € / kg

Kodujuust EKSTRA m-ta jog-ga 1,5%300+30g
https://www.e-maxima.ee/SiteImages/Inventory/4/2/5/42588a1e-ad3c-4a7e-b762-f233ecdda9fc.png?v=20160209.1158
1,28 €
3,88 € / kg

Kodujuust EKSTRA 4%,300+30g
https://www.e-maxima.ee/SiteImages/Inventory/1/9/b/19b80f43-720b-48e0-a88f-5acb34259434.png?v=20160209.1158
1,19 €
3,61 € / kg

Vanilli kohupiimavorm FARMI 250g
https://www.e-maxima.ee/SiteImages/Inventory/9/a/6/9a6c46a9-5c9b-4582-8a64-e5ffa1dde8e7.png?v=20160209.1158
1,59 €
6,36 € / kg

Kohupiimakreem Emma TERE banaani 150g
https://www.e-maxima.ee/SiteImages/Inventory/f/b/8/fb88793a-c976-4767-ad17-76be898e4e44.png?v=20160209.1158
0,72 €
4,80 € / kg

Kohupiimakreem Emma TERE mustika 150g
https://www.e-maxima.ee/SiteImages/Inventory/f/e/b/febb0310-09fc-4d8e-b679-01f53987247d.png?v=20160209.1158
0,72 €
4,80 € / kg

Kohup.kreem mustikamoosiga 2,5%150g TERE
https://www.e-maxima.ee/SiteImages/Inventory/3/4/c/34c9b1b2-c0da-4899-abf4-6c9529e40fce.png?v=20160209.1158
0,72 €
4,80 € / kg

Kohupiim EXQUISA maasika 0,2% 500g
https://www.e-maxima.ee/SiteImages/Inventory/5/7/1/5718463c-3a66-4ba1-b3ae-23164d1529d7.png?v=20160209.1158
2,04 €
4,08 € / kg

Kirsimaitseline tarretis JÄNKS 150g
https://www.e-maxima.ee/SiteImages/Inventory/7/2/5/72593e7c-b1e3-4754-8e16-f079d8ee7dc2.png?v=20160209.1158
0,29 €
1,93 € / kg

Kohupiim AASA lahja 300g
https://www.e-maxima.ee/SiteImages/Inventory/7/d/c/7dc7d747-5a87-4467-9022-52f53bc895bc.png?v=20160209.1158
1,29 €
4,30 € / kg

Kohupiim AASA 9% 300g
https://www.e-maxima.ee/SiteImages/Inventory/d/8/8/d8824da5-6808-4be4-87fa-a54daee254f7.png?v=20160209.1158
1,35 €
4,50 € / kg

Kohupiim AASA 15% 300g
https://www.e-maxima.ee/SiteImages/Inventory/a/5/f/a5f5e8d6-a313-4aca-af0a-0447115c7c2a.png?v=20160209.1158
1,49 €
4,97 € / kg

Kohup.kreem TERE mustikakissell 150g.
https://www.e-maxima.ee/SiteImages/Inventory/2/1/b/21bfbea9-a594-4b8c-a90d-fc383c38da61.png?v=20160209.1158
0,72 €
4,80 € / kg

Kohupiim TERE 5%  200g
https://www.e-maxima.ee/SiteImages/Inventory/d/7/6/d76f3973-97ed-4d67-a056-b2a34d327983.png?v=20160209.1158
0,65 €
3,25 € / kg

Kohupiim rosinatega TERE 0.1% 200g
https://www.e-maxima.ee/SiteImages/Inventory/6/c/d/6cd078fb-d2ee-411e-9ef7-805f8234d2fa.png?v=20160209.1158
0,65 €
3,25 € / kg

Magus vanillkohupiim TERE 0.1% 200g
https://www.e-maxima.ee/SiteImages/Inventory/1/6/d/16d5446e-6781-48d4-b91c-883fea875869.png?v=20160209.1158
0,65 €
3,25 € / kg

Kohupiimakreem Emma TERE virsiku 150g
https://www.e-maxima.ee/SiteImages/Inventory/0/e/d/0ed82f7d-0e49-4c54-9912-9fb777b42d6e.png?v=20160209.1158
0,72 €
4,80 € / kg

Kohupiimapasta TERE maasika 4.2% 300g
https://www.e-maxima.ee/SiteImages/Inventory/1/5/f/15f9ad19-3184-4226-bbf2-6cb47f496914.png?v=20160209.1158
0,99 €
3,30 € / kg

Kohupiimakreem TERE banaani 4.2% 300g
https://www.e-maxima.ee/SiteImages/Inventory/d/8/7/d8791746-1184-41ba-af64-94a11661df31.png?v=20160209.1158
0,91 €
3,03 € / kg

Kohupiimapasta TERE rosina 5% 300g
https://www.e-maxima.ee/SiteImages/Inventory/8/6/7/867875db-d301-4fc5-8b04-bac02fd6508f.png?v=20160209.1158
0,91 €
3,03 € / kg

Kohupiim rosinatega ARMAS 0.4% 200g
https://www.e-maxima.ee/SiteImages/Inventory/5/4/e/54e3709c-399c-45ac-ba49-28b3ea1839ea.png?v=20160209.1158
0,55 €
2,75 € / kg

Vanillikohupiim ARMAS 0.4% 200g
https://www.e-maxima.ee/SiteImages/Inventory/8/9/2/892d51fb-209c-4de8-b483-0fbd1f4e322e.png?v=20160209.1158
0,55 €
2,75 € / kg

Kohupiimakreem pasha Emma TERE 5% 380g
https://www.e-maxima.ee/SiteImages/Inventory/8/8/0/880f27aa-d565-4627-93ec-963892b3334a.png?v=20160209.1158
1,35 €
3,55 € / kg

Õuna- ja pirnimaits.tarretis FARMI 150g
https://www.e-maxima.ee/SiteImages/Inventory/3/6/3/363e077c-2fb3-4ab2-a027-341c1967acd0.png?v=20160209.1158
0,29 €
1,93 € / kg

Kohupiimakreem ALMA kakaoga 150g
https://www.e-maxima.ee/SiteImages/Inventory/6/f/a/6faad6fd-6ff8-4206-948a-dd56da1d9b3d.png?v=20160209.1158
0,66 €
4,40 € / kg

Kohupiimapasta TERE vanilje 4% 300g
https://www.e-maxima.ee/SiteImages/Inventory/5/4/a/54aff09a-a22c-4fda-bfa6-f3faa4c4ec9b.png?v=20160209.1158
0,91 €
3,03 € / kg

Kohupiim 9% Baltais,180g
https://www.e-maxima.ee/SiteImages/Inventory/b/9/f/b9f78864-b7b7-4ff4-98e6-7418e2fc7d0c.png?v=20160209.1158
0,52 €
2,89 € / kg

Kodujuust PIATNICA 500g
https://www.e-maxima.ee/SiteImages/Inventory/6/8/f/68f74ca4-f103-438b-ba51-6a34ae73a015.png?v=20160209.1158
1,45 €
2,90 € / kg

Kodujuust PIATNICA Light 500g
https://www.e-maxima.ee/SiteImages/Inventory/d/6/5/d6587db5-6f12-4b89-8c81-d6e4fe635803.png?v=20160209.1158
1,45 €
2,90 € / kg

Kohupiimapasta Otto Ricotta 6.8% 250g
https://www.e-maxima.ee/SiteImages/Inventory/8/c/9/8c90a6b7-3fb2-4513-9006-67ac134f62fa.png?v=20160209.1158
0,49 €
1,96 € / kg

Kohup.kreem Valio ALMA vanilli4% 150g
https://www.e-maxima.ee/SiteImages/Inventory/f/9/c/f9cfa020-eae0-495c-90df-d7d8f5de837e.png?v=20160209.1158
0,65 €
4,33 € / kg

Kodujuust Tere hapukoorega 5% 300g
https://www.e-maxima.ee/SiteImages/Inventory/6/f/6/6f69cdae-2789-4885-94f1-c0dc1987b22f.png?v=20160209.1158
0,89 €
2,97 € / kg

Kohup.kreem van.maas.banaan.DANONKI4x90g
https://www.e-maxima.ee/SiteImages/Inventory/4/e/4/4e4376e7-a5a7-4dc2-a98f-55d9855f8579.png?v=20160209.1158
1,25 €
3,47 € / kg

Koh.kreem virs.-pirn.mustik.DANONKI4x90g
https://www.e-maxima.ee/SiteImages/Inventory/7/b/4/7b4ea99b-922c-405f-aede-50194488cd68.png?v=20160209.1158
1,25 €
3,47 € / kg

Vanilli-kohupiimakreem ALMA 2.5% 380g
https://www.e-maxima.ee/SiteImages/Inventory/2/9/5/295333bc-1b17-4f02-b19f-4ae53a013fee.png?v=20160209.1158
1,29 €
3,39 € / kg

Kakao-kohupiimakreem ALMA 2.5% 380g
https://www.e-maxima.ee/SiteImages/Inventory/a/0/b/a0b68e28-399e-41ce-9591-797b28007007.png?v=20160209.1158
1,19 €
3,13 € / kg

Kohupiimajuustuke KARUMS vanilje 45g
https://www.e-maxima.ee/SiteImages/Inventory/7/8/4/784ac1dd-198c-4532-a626-9ace74ab973c.png?v=20160209.1158
0,32 €
7,11 € / kg

Kohupiimajuustuke KARUMS karamelli 45g
https://www.e-maxima.ee/SiteImages/Inventory/a/a/b/aab0925a-b71d-42a7-ade1-a216ca6a50c5.png?v=20160209.1158
0,32 €
7,11 € / kg

Kohup.juustuke KARUMS šok.tükkidega 45g
https://www.e-maxima.ee/SiteImages/Inventory/9/7/0/970f3be1-6703-452d-a95a-e4bcef88dab1.png?v=20160209.1158
0,32 €
7,11 € / kg

Glasuurkohuke TERE mustikamoosiga 43g
https://www.e-maxima.ee/SiteImages/Inventory/d/6/0/d602fc80-e520-41a0-9e2b-cc1fb7ad6311.png?v=20160209.1158
0,33 €
7,67 € / kg

Kohuke TERE jõhvikamoosiga 17,7%, 43g
https://www.e-maxima.ee/SiteImages/Inventory/3/e/b/3ebe74c7-bbda-48ce-8a9e-119df6a6fce6.png?v=20160209.1158
0,33 €
7,67 € / kg

Glas.kohuke mooniga 24% MAGIJA,45g
https://www.e-maxima.ee/SiteImages/Inventory/0/a/c/0ac92daa-3101-4c86-ab8a-94194596b1bb.png?v=20160209.1158
0,27 €
6,00 € / kg

Biskviitikook KINDER Pingui Choco 30g
https://www.e-maxima.ee/SiteImages/Inventory/c/8/c/c8cd70c5-798f-4e25-a860-f31ddc944ba7.png?v=20160209.1158
0,48 €
16,00 € / kg

Šok.batoonike KINDER Milk Ferrero  28g
https://www.e-maxima.ee/SiteImages/Inventory/7/1/c/71c79b58-84ae-47d2-a183-125bcec01f6f.png?v=20160209.1158
0,42 €
15,00 € / kg

Šokolaadibatoonike KINDER Maxi King 35g
https://www.e-maxima.ee/SiteImages/Inventory/0/c/f/0cf37f1d-c46f-41c8-ac92-8a0a01fee22b.png?v=20160209.1158
0,55 €
15,71 € / kg

Vanillikohuke MAGIJA 24%,45g
https://www.e-maxima.ee/SiteImages/Inventory/3/a/b/3ab429ac-7c0d-408c-8168-24e6b1652808.png?v=20160209.1158
0,27 €
6,00 € / kg

Glasuurkohuke TERE vanilliiniga 43g
https://www.e-maxima.ee/SiteImages/Inventory/0/a/f/0af59e66-ff16-4550-a0e3-7a97bd7bc98e.png?v=20160209.1158
0,33 €
7,67 € / kg

Vanillim.glas.dessert HOMMIKU 24.6%38g
https://www.e-maxima.ee/SiteImages/Inventory/2/5/0/25012f84-5e71-4a48-9c8d-de1087c242b4.png?v=20160209.1158
0,16 €
4,21 € / kg

Glas.des.jõhv-pohl.täidisHOMMIKU22.7%38g
https://www.e-maxima.ee/SiteImages/Inventory/8/0/2/8022c302-a3d1-404b-b48c-5df0a6417adf.png?v=20160209.1158
0,16 €
4,21 € / kg

Glas.kakaodessert HOMMIKU 27.2%38g
https://www.e-maxima.ee/SiteImages/Inventory/2/9/9/29945b69-f1fd-4341-a293-4be665759112.png?v=20160209.1158
0,16 €
4,21 € / kg

Kohuke JÄNKS valge glas.,vaarikamoos 40g
https://www.e-maxima.ee/SiteImages/Inventory/4/e/7/4e7ef684-d99e-4339-911e-60a1b7d44e66.png?v=20160209.1158
0,32 €
8,00 € / kg

Kohuke TERE juustukoogi 17,7%,43g
https://www.e-maxima.ee/SiteImages/Inventory/7/a/9/7a9d68b6-e307-437a-8ada-a0c94a47e1b2.png?v=20160209.1158
0,33 €
7,67 € / kg

Šok.kohuke šok.tükkidega 24% MAGIJA,45g
https://www.e-maxima.ee/SiteImages/Inventory/8/7/9/879edf1e-ceef-4192-a83c-ee229af9d85b.png?v=20160209.1158
0,27 €
6,00 € / kg

Glas.kohuke FARMI vanilli 40g
https://www.e-maxima.ee/SiteImages/Inventory/7/2/8/72890b2a-7ff7-4a6d-bdc9-ff809f925f1d.png?v=20160209.1158
0,29 €
7,25 € / kg

Kohuke TERE Classic maasika 43g
https://www.e-maxima.ee/SiteImages/Inventory/0/7/2/072b369d-8355-4bb0-89b8-c1dd07a5487d.png?v=20160209.1158
0,33 €
7,67 € / kg

Glas.kohuke Vilvi mooniga 40g
https://www.e-maxima.ee/SiteImages/Inventory/6/e/5/6e5ac410-34d5-48f8-b119-0bbe1c998d55.png?v=20160209.1158
0,19 €
4,75 € / kg

Glas.kohuke Vilvi kuiv.ploomi 40g
https://www.e-maxima.ee/SiteImages/Inventory/4/f/4/4f45104a-ad6c-4ff9-a454-a6d2bbef6a32.png?v=20160209.1158
0,19 €
4,75 € / kg

Vanillikohuke toffee.glas.MAGIJA 24%,45g
https://www.e-maxima.ee/SiteImages/Inventory/5/f/7/5f7150f3-d42d-43a4-902e-ff97267646f3.png?v=20160209.1158
0,27 €
6,00 € / kg

Koorene vanillikohuke SAARE,40g
https://www.e-maxima.ee/SiteImages/Inventory/2/4/0/2404bc1c-d53b-4735-94ab-86bd2f371906.png?v=20160209.1158
0,20 €
5,00 € / kg

Koorene kohuke toffee SAARE,40g
https://www.e-maxima.ee/SiteImages/Inventory/1/e/7/1e729caa-b566-4c54-8466-72917e6be018.png?v=20160209.1158
0,20 €
5,00 € / kg

Kohuke TERE vaarika 43g
https://www.e-maxima.ee/SiteImages/Inventory/f/0/4/f04b481b-3d63-48c1-9fc9-ca4d8279ad54.png?v=20160209.1158
0,33 €
7,67 € / kg

Glas.kohuke VILVI mustikatega, 40g
https://www.e-maxima.ee/SiteImages/Inventory/f/8/b/f8b856c7-1683-40ba-b4ce-7d4a280007e6.png?v=20160209.1158
0,19 €
4,75 € / kg

Kohuke kondenspiim.täidis.MAGIJA 24%,45g
https://www.e-maxima.ee/SiteImages/Inventory/4/2/7/427fc384-5849-490c-9cd5-9f2d4bd020dd.png?v=20160209.1158
0,27 €
6,00 € / kg

Glas.vanillikohuke ARMAS,40g
https://www.e-maxima.ee/SiteImages/Inventory/9/4/1/941d16f6-112b-4b89-b4dc-927193b33edd.png?v=20160209.1158
0,18 €
4,50 € / kg

Šok.batoonike kokoose Mio Delizzi,30g
https://www.e-maxima.ee/SiteImages/Inventory/8/a/6/8a6e8cf9-5bca-48b3-942b-75ee501f2aaa.png?v=20160209.1158
0,35 €
11,67 € / kg

Šok.batoonike kakao Mio Delizzi,30g
https://www.e-maxima.ee/SiteImages/Inventory/3/3/2/33271bb2-c137-4f6d-9f43-2dc652484765.png?v=20160209.1158
0,35 €
11,67 € / kg

Banaani kohuke valge glas.pakk,5x43g
https://www.e-maxima.ee/SiteImages/Inventory/9/7/5/975df64d-5c2d-4b0e-9600-053b143a85ac.png?v=20160209.1158
1,65 €
7,67 € / kg

Glas.kohuke vahv.ja maas.SAARE Luxus,50g
https://www.e-maxima.ee/SiteImages/Inventory/4/9/2/492fe0c7-7bb4-4279-97be-0631d22c5ebd.png?v=20160209.1158
0,25 €
5,00 € / kg

Šokolaadikohuke MURR 40g
https://www.e-maxima.ee/SiteImages/Inventory/a/a/1/aa1206c7-13a7-4fff-87fd-816d6da38977.png?v=20160209.1158
0,19 €
4,75 € / kg

Kohuke biskviidi MURR 40g
https://www.e-maxima.ee/SiteImages/Inventory/2/b/2/2b26b4ae-5ae8-4484-9ed8-d9ec0b2fe6d6.png?v=20160209.1158
0,19 €
4,75 € / kg

Vanilli kohuke MURR 40g
https://www.e-maxima.ee/SiteImages/Inventory/1/8/1/181769ba-db60-4425-bbbe-0ba912756924.png?v=20160209.1158
0,19 €
4,75 € / kg

Kohuke kondenspiim.MURR 40g
https://www.e-maxima.ee/SiteImages/Inventory/0/7/d/07df265f-971d-44c5-8b09-e3624fc69f2e.png?v=20160209.1158
0,19 €
4,75 € / kg

Koorene kohuke põldmari SAARE,40g
https://www.e-maxima.ee/SiteImages/Inventory/c/f/4/cf412abe-758c-4f66-8cd1-a24c2fc3430c.png?v=20160209.1158
0,20 €
5,00 € / kg

Glas.kohuke lehmakomm.Jänks 40g
https://www.e-maxima.ee/SiteImages/Inventory/d/5/5/d55874f7-c131-45f8-a7cc-5ece8e92f656.png?v=20160209.1158
0,29 €
7,25 € / kg

Kohuke SAARE muraka-sidruni, 40g
https://www.e-maxima.ee/SiteImages/Inventory/a/8/8/a888494e-afbc-4ee9-97a2-f70ed8ffadb5.png?v=20160209.1158
0,20 €
5,00 € / kg

Glasuurkoh.võiküps.ja kirsitäid.JÄNKS52g
https://www.e-maxima.ee/SiteImages/Inventory/5/f/5/5f5dd776-1745-484a-9a1b-8e28946e1258.png?v=20160209.1158
0,42 €
8,08 € / kg

Glasuurkohuke MURR pistaatsia, 40g
https://www.e-maxima.ee/SiteImages/Inventory/3/1/1/3117ca7e-9d08-448c-853f-55305faad2fa.png?v=20160209.1158
0,19 €
4,75 € / kg

Glasuurkohuke MURR mascarpone, 40g
https://www.e-maxima.ee/SiteImages/Inventory/a/e/5/ae5bf038-9379-404e-a29c-9b2ba1d4d28a.png?v=20160209.1158
0,19 €
4,75 € / kg

Glas.kohuke VILVI kirss ja banaan, 40g
https://www.e-maxima.ee/SiteImages/Inventory/5/5/3/553a0049-b08b-4f33-bd6e-d059556fbe7d.png?v=20160209.1158
0,19 €
4,75 € / kg

Glasuurkohuke aedmaasikaga, AASA, 40g
https://www.e-maxima.ee/SiteImages/Inventory/4/3/a/43a29459-87a7-4623-8acd-8519b5b3afce.png?v=20160209.1158
0,33 €
8,25 € / kg

Glasuurkohuke vanilliiniga, AASA, 40g
https://www.e-maxima.ee/SiteImages/Inventory/e/f/c/efc46153-35c9-4084-ac35-8578c893b3ee.png?v=20160209.1158
0,33 €
8,25 € / kg

Glasuurkohuke FARMI kirsitäidisega 40g
https://www.e-maxima.ee/SiteImages/Inventory/a/8/c/a8cb86a4-dafa-49e0-a2e7-73f644465067.png?v=20160209.1158
0,29 €
7,25 € / kg

Kohvivalgendaja Gold 10% 10gx7,5g
https://www.e-maxima.ee/SiteImages/Inventory/c/6/7/c676108b-1910-407b-b25d-5a082aecd1d2.png?v=20160209.1158
0,30 €
4,00 € / kg

Vahukoor ALMA 35% 200ml PP
https://www.e-maxima.ee/SiteImages/Inventory/c/5/e/c5edcbec-c9ba-4e9b-8573-a5429884026b.png?v=20160209.1158
0,59 €
2,95 € / l

Kohvikoor TERE 10%, 380ml
https://www.e-maxima.ee/SiteImages/Inventory/0/7/0/070507f8-fffa-4f76-8391-74d96264e5a1.png?v=20160209.1158
0,50 €
1,32 € / l

Kohvikoor  TERE 10% 200ml
https://www.e-maxima.ee/SiteImages/Inventory/6/8/0/6808dc19-9a42-4f06-b5bb-bc587e5fde7d.png?v=20160209.1158
0,20 €
1,00 € / l

Kohvikoor FARMI 10% 200ml
https://www.e-maxima.ee/SiteImages/Inventory/d/5/c/d5c03780-67af-4a86-9835-1c98331ca7fd.png?v=20160209.1158
0,24 €
1,20 € / l

Vahukoor 35% FARMI 200ml
https://www.e-maxima.ee/SiteImages/Inventory/e/2/9/e2923a2f-d386-4cc7-99dc-7d23033678fb.png?v=20160209.1158
0,69 €
3,45 € / l

Magustatud kondespiim 385g
https://www.e-maxima.ee/SiteImages/Inventory/3/7/f/37fd2669-d1f2-4bcd-bb93-5fe653f06e69.png?v=20160209.1158
1,19 €
3,09 € / kg

Jaani kondenspiima Karamell, 190g
https://www.e-maxima.ee/SiteImages/Inventory/b/a/9/ba961714-5e50-4347-ad30-a7acc38084d3.png?v=20160209.1158
0,89 €
4,68 € / kg

Kondenspiim suhkruga Jaani 250g
https://www.e-maxima.ee/SiteImages/Inventory/6/8/a/68aebe60-2450-47f7-96f1-e78d87f5bd65.png?v=20160209.1158
1,34 €
5,36 € / kg

Kondenspiim suhkru ja kakaoga 250g
https://www.e-maxima.ee/SiteImages/Inventory/0/5/c/05cebf8a-6029-41c8-87f2-3975c609132f.png?v=20160209.1158
1,54 €
6,16 € / kg

Kondenspiim keedetud, 397g
https://www.e-maxima.ee/SiteImages/Inventory/4/f/2/4f28a426-095e-4492-bc58-af5f029b4a51.png?v=20160209.1158
1,99 €
5,01 € / kg

Magustatud kondenspiim 397g
https://www.e-maxima.ee/SiteImages/Inventory/2/5/6/256e2faf-2f4c-4db5-ae41-9cb640b00443.png?v=20160209.1158
1,59 €
4,01 € / kg

Munad Balticovo Omega 10tk
https://www.e-maxima.ee/SiteImages/Inventory/3/6/b/36b8a574-2908-469a-b25e-a892edbbc2f9.png?v=20160209.1158
1,65 €
0,17 € / tk

Munad Talumunad, Talumehe 10tk
https://www.e-maxima.ee/SiteImages/Inventory/9/f/1/9f1d69b9-135d-4259-b250-c162676f0019.png?v=20160209.1158
1,39 €
0,14 € / tk

Kanamunad Muhe Muna M10
https://www.e-maxima.ee/SiteImages/Inventory/2/c/9/2c9321f8-5dfb-4d51-9c7f-dc34e84e7953.png?v=20160209.1158
0,77 €
0,08 € / tk

Kanamunad Muhe Muna L10
https://www.e-maxima.ee/SiteImages/Inventory/4/f/c/4fcb8a09-0ad1-472b-bdcf-b06b3718d54a.png?v=20160209.1158
1,19 €
0,12 € / tk

Vutimunad Muhe Muna 12tk
https://www.e-maxima.ee/SiteImages/Inventory/4/c/0/4c0bae97-411a-4468-92cf-1cfd384c5590.png?v=20160209.1158
1,79 €
0,15 € / tk

Või TERE 82% 200g
https://www.e-maxima.ee/SiteImages/Inventory/f/d/7/fd789d5c-ab47-488b-ba66-37e7226cb691.png?v=20160209.1158
1,19 €
5,95 € / kg

Eesti Taluvõi 82% 150g
https://www.e-maxima.ee/SiteImages/Inventory/d/4/b/d4b3baab-e5ea-4748-8d38-32e5b0c940ee.png?v=20160209.1158
0,75 €
5,00 € / kg

Rasvasegu võie Võideks Spread 66%, 200g
https://www.e-maxima.ee/SiteImages/Inventory/6/8/5/685c0008-b3b9-4606-8451-5e5c944f223a.png?v=20160209.1158
0,85 €
4,25 € / kg

Meiereivõi  soolane VALIO, 500g
https://www.e-maxima.ee/SiteImages/Inventory/d/d/8/dd8721b1-6f6c-4d22-8951-629ef8f323b1.png?v=20160209.1158
4,49 €
8,98 € / kg

Meiereivõi  soolata VALIO, 500g
https://www.e-maxima.ee/SiteImages/Inventory/e/0/7/e0721e28-47f5-4b5a-9495-104d935f928c.png?v=20160209.1158
4,49 €
8,98 € / kg

Või Eesti 82%, 250g
https://www.e-maxima.ee/SiteImages/Inventory/1/e/9/1e989c8b-e870-4e81-8bd9-0a2bc8e1cd53.png?v=20160209.1158
1,99 €
7,96 € / kg

Või ARMAS 82% 180g
https://www.e-maxima.ee/SiteImages/Inventory/9/6/0/9607651c-d90e-447b-9f9c-a9493ef000dc.png?v=20160209.1158
0,99 €
5,50 € / kg

Kitsepiimavõi Delamere 125g
https://www.e-maxima.ee/SiteImages/Inventory/2/0/0/200441d9-44cb-4531-9bec-75813df68039.png?v=20160209.1158
2,29 €
18,32 € / kg

Või RASA 82% 180g
https://www.e-maxima.ee/SiteImages/Inventory/d/d/e/ddeda9b7-87a0-4c1d-8224-159eb61b11df.png?v=20160209.1158
1,19 €
6,61 € / kg

Saaremaa või 82% 200g
https://www.e-maxima.ee/SiteImages/Inventory/4/7/8/478f1272-55fb-4fb5-8151-bd0dfdccdde5.png?v=20160209.1158
1,28 €
6,40 € / kg

Või FARM MILK 82% 180g
https://www.e-maxima.ee/SiteImages/Inventory/9/2/8/928c9a26-87aa-4147-b888-6a377a644c3e.png?v=20160209.1158
0,89 €
4,94 € / kg

Eesti või 82% Alma 250g
https://www.e-maxima.ee/SiteImages/Inventory/d/d/5/dd533ca4-2437-40b2-9f97-c75469be5ab5.png?v=20160209.1158
1,85 €
7,40 € / kg

Rasvasegu võie FARM MILK,175g
https://www.e-maxima.ee/SiteImages/Inventory/8/2/c/82cb6900-ce30-47b9-b198-d599cfb960c3.png?v=20160209.1158
0,44 €
2,51 € / kg

Hollandi leibjuust viil., 150g
https://www.e-maxima.ee/SiteImages/Inventory/2/5/2/25270e8d-fe35-4605-843b-ba5a8bc53ab1.png?v=20160209.1158
1,35 €
9,00 € / kg

Juust Vene viilutatud, 150g
https://www.e-maxima.ee/SiteImages/Inventory/a/5/c/a5ce250a-c6d3-4749-afc0-cb3f5f16e810.png?v=20160209.1158
1,29 €
8,60 € / kg

Viilutatud juust EESTI 200g
https://www.e-maxima.ee/SiteImages/Inventory/1/d/1/1d171e02-cc27-4065-bf73-cef7fecce9e5.png?v=20160209.1158
1,69 €
8,45 € / kg

Juust Hiirte viilutatud 200g Eesti
https://www.e-maxima.ee/SiteImages/Inventory/7/a/b/7ab747aa-d8d2-431f-84a2-374ca06d1e17.png?v=20160209.1158
1,69 €
8,45 € / kg

Juust Rokiškio, kg
https://www.e-maxima.ee/SiteImages/Inventory/f/6/2/f62a2414-8459-4298-a96a-2e6d4d94c96e.png?v=20160209.1158
7,99 €
7,99 € / kg

Hollandi Leibjuust viil.150g
https://www.e-maxima.ee/SiteImages/Inventory/3/5/2/352bc78a-e859-446d-8c94-bcaff5b83b05.png?v=20160209.1158
1,25 €
8,33 € / kg

Juust Eesti üldm.viil,. 100g
https://www.e-maxima.ee/SiteImages/Inventory/1/9/4/1943cc4e-d726-4fb5-915e-1d368a3c8de2.png?v=20160209.1158
0,99 €
9,90 € / kg

Juust ATLEET Originaal, 350g
https://www.e-maxima.ee/SiteImages/Inventory/b/4/c/b4c2ba64-61ba-4523-bae3-fd67783b99b8.png?v=20160209.1158
2,89 €
8,26 € / kg

Juustu Snäkk FARMI 200g
https://www.e-maxima.ee/SiteImages/Inventory/e/9/5/e95e151c-e266-4304-8a60-da2c1bd590f8.png?v=20160209.1158
1,95 €
9,75 € / kg

Juust ATLEET Originaal viil., 150g
https://www.e-maxima.ee/SiteImages/Inventory/8/c/e/8cef79d1-7bb9-498e-8a67-588ff9a184e6.png?v=20160209.1158
1,39 €
9,27 € / kg

Eesti Juust Light viil 200g
https://www.e-maxima.ee/SiteImages/Inventory/a/d/0/ad0e0bec-4f19-4bb5-b569-bfa902083e8e.png?v=20160209.1158
1,69 €
8,45 € / kg

Eesti juust 350g
https://www.e-maxima.ee/SiteImages/Inventory/0/4/7/0476b0c8-569b-4ce5-9f5b-7afb9b014f93.png?v=20160209.1158
2,89 €
8,26 € / kg

Juustu ürdisnäkk FARMI, 200g
https://www.e-maxima.ee/SiteImages/Inventory/f/1/1/f11c53f4-3260-46ec-8bd6-72a6cf60e61d.png?v=20160209.1158
1,95 €
9,75 € / kg

Juust ATLEET Originaal , kg
https://www.e-maxima.ee/SiteImages/Inventory/f/5/b/f5b867c6-e68a-4a4a-abf7-c020354ae66e.png?v=20160209.1158
6,99 €
6,99 € / kg

Juust SAARE Leet viil., 150g
https://www.e-maxima.ee/SiteImages/Inventory/a/0/b/a0b79cad-a968-4800-be89-8d0d7a35ec16.png?v=20160209.1158
1,35 €
9,00 € / kg

Kvaliteet. Havarti-tüüpi juust Valio200g
https://www.e-maxima.ee/SiteImages/Inventory/a/8/7/a87173a1-614f-41ce-a03e-2cf4277f6f49.png?v=20160209.1158
1,29 €
6,45 € / kg

Hollandi Leibjuust viil., 500g
https://www.e-maxima.ee/SiteImages/Inventory/5/f/1/5f140768-baeb-40f6-bf02-f722b05a443f.png?v=20160209.1158
3,09 €
6,18 € / kg

Juust Eesti Põltsamaa viil.500g
https://www.e-maxima.ee/SiteImages/Inventory/3/d/0/3d0ea6a3-c546-4bc7-a7d7-80f7355c38f7.png?v=20160209.1158
3,99 €
7,98 € / kg

Kvaliteetne Edam-tüüpi juust Valio 200g
https://www.e-maxima.ee/SiteImages/Inventory/b/f/b/bfb2951d-5d19-464a-8766-f0e12d341dbf.png?v=20160209.1158
1,29 €
6,45 € / kg

Juust ATLEET Originaal viil., 300g
https://www.e-maxima.ee/SiteImages/Inventory/4/6/8/46881ec2-52df-4021-8afe-2d310b4953da.png?v=20160209.1158
2,79 €
9,30 € / kg

Pizzariiv Synnove, 200g
https://www.e-maxima.ee/SiteImages/Inventory/c/a/5/ca57538b-93b8-4239-a08e-2f0ec1bef0b2.png?v=20160209.1158
1,35 €
6,75 € / kg

Riivjuust Eesti mix 250g
https://www.e-maxima.ee/SiteImages/Inventory/d/2/7/d27fa52d-f6bc-4ccb-aaf3-05644b636491.png?v=20160209.1158
1,79 €
7,16 € / kg

Juust Vene üldm.viil., 500g
https://www.e-maxima.ee/SiteImages/Inventory/8/a/7/8a7dba46-dc8f-4095-826e-851cfc5d0466.png?v=20160209.1158
2,99 €
5,98 € / kg

Juust ATLEET Kuldne Valio, 350g
https://www.e-maxima.ee/SiteImages/Inventory/d/a/2/da28291b-4d43-4da4-b58d-bb8b23e11a31.png?v=20160209.1158
2,79 €
7,97 € / kg

Riivjuust Vene üldm., 200g
https://www.e-maxima.ee/SiteImages/Inventory/8/d/6/8d6aaedd-f371-4e03-a15f-b9a7f873467e.png?v=20160209.1158
1,29 €
6,45 € / kg

Suitsujuust Holland, kg
https://www.e-maxima.ee/SiteImages/Inventory/5/7/5/5756e2d6-241b-4a36-b658-b5e0df24f38d.png?v=20160209.1158
12,44 €
12,44 € / kg

Juust Maasdam, kg
https://www.e-maxima.ee/SiteImages/Inventory/3/b/1/3b1a4b8b-c0a7-4d93-b6d3-cf52d3e22f42.png?v=20160209.1158
8,64 €
8,64 € / kg

Juust Tilzit Mlekovita viil., 150g
https://www.e-maxima.ee/SiteImages/Inventory/1/3/f/13fbc684-fd60-4d61-bffc-9ae54b84d857.png?v=20160209.1158
0,79 €
5,27 € / kg

Juust Kuninga Gouda üldm. viil., 150g
https://www.e-maxima.ee/SiteImages/Inventory/a/6/5/a651cd70-5ee2-47b6-8199-7bb34a5a3b59.png?v=20160209.1158
1,39 €
9,27 € / kg

Poolkõva juust Pippiro pipraga, kg
https://www.e-maxima.ee/SiteImages/Inventory/b/b/b/bbb521e6-b9b0-43d8-8c53-1e42d5370be8.png?v=20160209.1158
11,99 €
11,99 € / kg

Poolkõva juust Basilis basiilik., kg
https://www.e-maxima.ee/SiteImages/Inventory/e/3/d/e3d24e36-50a6-4069-98ce-c532b353746a.png?v=20160209.1158
11,99 €
11,99 € / kg

Juust jõhvikatega Wensleydale, kg
https://www.e-maxima.ee/SiteImages/Inventory/e/6/e/e6e7a618-ebcf-487f-a02f-10b3ab0963ca.png?v=20160209.1158
14,49 €
14,49 € / kg

Juust GOUDA Mlekovita viil., 150g
https://www.e-maxima.ee/SiteImages/Inventory/e/4/7/e4725245-8743-4d6b-bc1b-e73b721e126d.png?v=20160209.1158
0,79 €
5,27 € / kg

Juust Vene, kg
https://www.e-maxima.ee/SiteImages/Inventory/e/d/2/ed2f0268-7356-4c8f-9431-0ac9a4aa5bf5.png?v=20160209.1158
5,99 €
5,99 € / kg

Lambapiimajuust Manchego, kg
https://www.e-maxima.ee/SiteImages/Inventory/2/e/7/2e7cd53a-012c-4b8a-ab29-f800bc195f1f.png?v=20160209.1158
19,99 €
19,99 € / kg

Hollandi Leibjuust viil. Valio,500g
https://www.e-maxima.ee/SiteImages/Inventory/2/e/6/2e6d0f82-e5d2-4f88-bab4-7951d833c7ac.png?v=20160209.1158
2,99 €
5,98 € / kg

Juust Sakste Gouda viil. 500g
https://www.e-maxima.ee/SiteImages/Inventory/4/2/9/429dffb4-5587-4f2f-87c8-03efd7b436c1.png?v=20160209.1158
3,29 €
6,58 € / kg

Juust Saare Leet viil, 500g
https://www.e-maxima.ee/SiteImages/Inventory/7/0/c/70c25874-3e1f-468f-8ee5-ea5d64f79f22.png?v=20160209.1158
3,39 €
6,78 € / kg

Juust Saaremaa Edam viil, 500g
https://www.e-maxima.ee/SiteImages/Inventory/7/b/d/7bd0d437-8b49-48d8-b6ee-40c610aa7fc0.png?v=20160209.1158
3,39 €
6,78 € / kg

Kitsepiimajuust Capra tuhaga,kg
https://www.e-maxima.ee/SiteImages/Inventory/1/e/b/1ebde957-d7b0-4aef-9553-207e38d3bd0a.png?v=20160209.1158
13,99 €
13,99 € / kg

Juust Atleet Originaal viil., 500g
https://www.e-maxima.ee/SiteImages/Inventory/6/e/8/6e80c298-f465-47f8-af4e-188f87791f9f.png?v=20160209.1158
1,83 €
3,66 € / kg

Juust Valio Eesti viil., 500g
https://www.e-maxima.ee/SiteImages/Inventory/2/a/9/2a96d55c-ba17-4da5-a13e-19d2e30871f6.png?v=20160209.1158
1,83 €
3,66 € / kg

Juust Valio Maasdam, 250g
https://www.e-maxima.ee/SiteImages/Inventory/8/d/4/8d42b5d6-74e1-4e60-a7d1-57e93fff94ed.png?v=20160209.1158
2,69 €
10,76 € / kg

Juust Gouda 500g viil
https://www.e-maxima.ee/SiteImages/Inventory/3/6/4/36461baf-422d-4507-a25b-9679b68cae0b.png?v=20160209.1158
2,59 €
5,18 € / kg

Juust Edam Mlekovita viil 500g
https://www.e-maxima.ee/SiteImages/Inventory/9/5/2/952ff143-66a7-43bf-ad97-978e2190d42e.png?v=20160209.1158
2,59 €
5,18 € / kg

Eesti juust 820g
https://www.e-maxima.ee/SiteImages/Inventory/9/c/2/9c252178-471a-4125-9fcc-23c2b700ae59.png?v=20160209.1158
4,89 €
5,96 € / kg

Juustupulgad PIK-NIK singiga 40%,126g
https://www.e-maxima.ee/SiteImages/Inventory/f/0/9/f0914ee7-bd25-49ff-a6cd-69a1539d06b6.png?v=20160209.1158
1,09 €
8,65 € / kg

Juust Maasdam, kg
https://www.e-maxima.ee/SiteImages/Inventory/e/c/e/ece43c4e-3983-4314-9416-66b557e241e1.png?v=20160209.1158
7,99 €
7,99 € / kg

Eesti juust 26% SAAREMAA,500g
https://www.e-maxima.ee/SiteImages/Inventory/d/a/b/dabd0735-6bee-4b99-aa96-6231bd1eefb7.png?v=20160209.1158
3,49 €
6,98 € / kg

Juust PARMESAN Dziugas riivitud 100g
https://www.e-maxima.ee/SiteImages/Inventory/6/8/f/68f32df9-fb6b-46e8-a57e-1a439d38717b.png?v=20160209.1158
1,20 €
12,00 € / kg

Kõvajuust Dziugas üldm., kg
https://www.e-maxima.ee/SiteImages/Inventory/6/a/7/6a778471-9413-48a0-8607-960d6cb22b63.png?v=20160209.1158
12,99 €
12,99 € / kg

Juust Džiugas, kg
https://www.e-maxima.ee/SiteImages/Inventory/5/f/d/5fdfd110-7fa0-422c-ab00-a6aaaa3f8347.png?v=20160209.1158
12,99 €
12,99 € / kg

Juust Synnove Itaallane 12 kuud, 150g
https://www.e-maxima.ee/SiteImages/Inventory/f/b/1/fb139e22-bcee-48c5-bd9f-184c97c2e4de.png?v=20160209.1158
2,59 €
17,27 € / kg

Juust Džiugas bronze, 100g
https://www.e-maxima.ee/SiteImages/Inventory/b/3/5/b3518810-1ad8-4baa-8c92-3c66df316a94.png?v=20160209.1158
1,69 €
16,90 € / kg

Kõvajuust Forte Speciale 180g
https://www.e-maxima.ee/SiteImages/Inventory/5/5/c/55c363c9-9200-4bef-b82e-80d6ca7bfde3.png?v=20160209.1158
3,59 €
19,94 € / kg

Juust Dziugas Delicate 24 kuud 100g
https://www.e-maxima.ee/SiteImages/Inventory/d/d/c/ddc51f4b-8d7f-451a-ac6d-1174875c0552.png?v=20160209.1158
2,39 €
23,90 € / kg

Kõva juust Prussia, kg
https://www.e-maxima.ee/SiteImages/Inventory/9/1/6/91624e89-5241-4cfe-8ab1-c6cfb28e2300.png?v=20160209.1158
8,49 €
8,49 € / kg

Kõva juust Jubiliejinis, kg
https://www.e-maxima.ee/SiteImages/Inventory/0/3/e/03eedcba-3588-4c6d-ac2b-9e3701d65e22.png?v=20160209.1158
11,99 €
11,99 € / kg

Juust FORTE CLASSICO 26% 180g
https://www.e-maxima.ee/SiteImages/Inventory/e/f/d/efd04f9f-2509-425c-b1dd-e804e8af056a.png?v=20160209.1158
3,15 €
17,50 € / kg

Pehme juust Camembert, 125g
https://www.e-maxima.ee/SiteImages/Inventory/3/2/a/32a13fdc-0821-41ee-ac85-1f65ea4ee1b6.png?v=20160209.1158
2,39 €
19,12 € / kg

Pehme juust Brie, 125g
https://www.e-maxima.ee/SiteImages/Inventory/a/1/9/a19f1ce0-8894-487b-a4cc-fe6c1f996ae1.png?v=20160209.1158
2,39 €
19,12 € / kg

Valgehall.juust PRESIDENT Brie nat.125g
https://www.e-maxima.ee/SiteImages/Inventory/5/6/5/5656c5ac-41f6-47ac-8d8c-4c166e5eef6a.png?v=20160209.1158
0,99 €
7,92 € / kg

Sinihallitusjuust GOLDEN MONARH 100g
https://www.e-maxima.ee/SiteImages/Inventory/4/d/e/4de5bf0b-9ad1-4439-be79-68ab22f7aab1.png?v=20160209.1158
1,15 €
11,50 € / kg

Sinihallitusjuust PALADIN 100g
https://www.e-maxima.ee/SiteImages/Inventory/2/0/8/2083ff59-159a-4419-892f-ddd8ac1931c5.png?v=20160209.1158
1,15 €
11,50 € / kg

Sinihallitusjuust ROYAL BLUE 100g
https://www.e-maxima.ee/SiteImages/Inventory/f/9/5/f95d3e99-0e59-44d2-8a91-4c8180d3c2d2.png?v=20160209.1158
1,15 €
11,50 € / kg

NaTurek Camembert valgehall.juust 120g
https://www.e-maxima.ee/SiteImages/Inventory/f/a/b/fab0a754-36cb-44d6-9e1b-027428b1a784.png?v=20160209.1158
1,65 €
13,75 € / kg

NaTurek Brie Natur. valgehall.juust 125g
https://www.e-maxima.ee/SiteImages/Inventory/7/f/e/7fe0220c-14df-4aa3-a6ce-fb514a20a4ba.png?v=20160209.1158
1,65 €
13,20 € / kg

Sinihallitusjuust Memel Blue, kg
https://www.e-maxima.ee/SiteImages/Inventory/5/d/4/5d476d2d-9bd2-42d8-9ff3-fcdb3907bc9c.png?v=20160209.1158
8,99 €
8,99 € / kg

Kerajuust Turek Brie, kg
https://www.e-maxima.ee/SiteImages/Inventory/7/3/d/73d84691-616f-433b-aaf4-512270a382ab.png?v=20160209.1158
13,99 €
13,99 € / kg

Valgehallitusjuust White Queen, kg
https://www.e-maxima.ee/SiteImages/Inventory/c/4/9/c490db6b-d2f3-43e9-95fb-008df625bef1.png?v=20160209.1158
11,34 €
11,34 € / kg

Juust Dor Blu, 100g
https://www.e-maxima.ee/SiteImages/Inventory/b/0/5/b0549c83-0093-466b-a1eb-cef87b6a1d7c.png?v=20160209.1158
1,45 €
14,50 € / kg

Valgehall.juust Paysan Breton Brie 180g
https://www.e-maxima.ee/SiteImages/Inventory/5/0/a/50a35de2-8284-4fa9-afc8-3763013fe805.png?v=20160209.1158
2,09 €
11,61 € / kg

Valgeh.juust Merci Chef Camembert 125g
https://www.e-maxima.ee/SiteImages/Inventory/d/0/9/d0919ff2-1012-45c1-a8ed-521722ed6e6d.png?v=20160209.1158
1,15 €
9,20 € / kg

Pehme valgehall.juust French Brie, kg
https://www.e-maxima.ee/SiteImages/Inventory/b/1/2/b12357e9-2e56-4e02-9c50-dcce7db35524.png?v=20160209.1158
7,99 €
7,99 € / kg

Brie CANTOREL, kg
https://www.e-maxima.ee/SiteImages/Inventory/2/6/d/26d60001-4bd9-4938-8069-1d9b5e667b58.png?v=20160209.1158
11,99 €
11,99 € / kg

Hallitusjuust Bavaria Blu, kg
https://www.e-maxima.ee/SiteImages/Inventory/6/d/f/6df010e1-85ed-41c6-9ef8-77d1e75b577b.png?v=20160209.1158
10,99 €
10,99 € / kg

Brie juust CHANSON DU FROMAGE, 125g
https://www.e-maxima.ee/SiteImages/Inventory/a/7/2/a72c5f87-3584-49b6-ba73-9d4930ec7c4f.png?v=20160209.1158
1,09 €
8,72 € / kg

Brie juust CHANSON DU FROMAGE, 170g
https://www.e-maxima.ee/SiteImages/Inventory/d/6/9/d69bb44a-e542-4a06-8775-17f804636a35.png?v=20160209.1158
1,29 €
7,59 € / kg

Camembert juust CHANSON DU FROMAGE 120g
https://www.e-maxima.ee/SiteImages/Inventory/8/1/b/81bd7128-9561-4c71-9e9e-e8c98c0aecdf.png?v=20160209.1158
1,09 €
9,08 € / kg

Sinihall.juust CHANSON DU FROMAGE, 100g
https://www.e-maxima.ee/SiteImages/Inventory/0/3/f/03f56567-ce0b-4cbe-802a-2292a95dd8f5.png?v=20160209.1158
0,89 €
8,90 € / kg

ZOTT Toasty Sandwich 150g
https://www.e-maxima.ee/SiteImages/Inventory/c/9/0/c90a3ae8-5486-4643-af85-224165bae0af.png?v=20160209.1158
0,95 €
6,33 € / kg

ZOTT Toasty Chester viil.150g
https://www.e-maxima.ee/SiteImages/Inventory/4/c/e/4ce9adbe-68c9-46db-895f-555d9b0be516.png?v=20160209.1158
0,95 €
6,33 € / kg

Sul.juust MEREVAIK nat. 200g
https://www.e-maxima.ee/SiteImages/Inventory/7/a/2/7a29d9e1-d6b6-4257-a8f5-88ce837cc0c5.png?v=20160209.1158
1,19 €
5,95 € / kg

Sul.juust MEREVAIK krevettidega 200g
https://www.e-maxima.ee/SiteImages/Inventory/8/3/7/837a11a6-7b3c-43d8-8754-9fd9cf6bb38a.png?v=20160209.1158
1,19 €
5,95 € / kg

Sul.juust MEREVAIK röstitud kanaga 200g
https://www.e-maxima.ee/SiteImages/Inventory/8/6/0/8603d72b-c2a8-4d6c-88ee-6b533cfca556.png?v=20160209.1158
1,19 €
5,95 € / kg

Toorjuust PHILADELPHIA Classic 200g
https://www.e-maxima.ee/SiteImages/Inventory/d/6/a/d6af93cd-1fbc-4fba-886d-deef56c868c2.png?v=20160209.1158
1,94 €
9,70 € / kg

Toorjuust PHILADELPHIA Light küüsl. 200g
https://www.e-maxima.ee/SiteImages/Inventory/c/2/3/c23ab219-ef34-4a1a-ab03-898766c838de.png?v=20160209.1158
1,99 €
9,95 € / kg

Toorjuust PIATNICA 23%,135g
https://www.e-maxima.ee/SiteImages/Inventory/a/2/7/a27bb2de-bcdd-4af2-931e-b20048e3c06d.png?v=20160209.1158
0,65 €
4,81 € / kg

Toorjuust küüslauguga PIATNICA 23%,135g
https://www.e-maxima.ee/SiteImages/Inventory/6/4/8/64893e00-1371-4722-8727-ec67567c0c05.png?v=20160209.1158
0,65 €
4,81 € / kg

Sul.võileivamääre singiga Rokiškio 160g
https://www.e-maxima.ee/SiteImages/Inventory/4/b/d/4bd57943-043b-4292-b79f-820161cda7ac.png?v=20160209.1158
0,79 €
4,94 € / kg

Sul.juust Valio ATLEET, 200g
https://www.e-maxima.ee/SiteImages/Inventory/b/d/b/bdb2f07b-6f9f-4f0c-956e-4f2800a482d6.png?v=20160209.1158
1,29 €
6,45 € / kg

Sul.juustuke DZINTARS küüsl. 30g
https://www.e-maxima.ee/SiteImages/Inventory/5/0/c/50cf90b9-0906-4bbb-9458-1d3dcb45caa5.png?v=20160209.1158
0,29 €
9,67 € / kg

Sul.juust MEREVAIK murulauguga 200g
https://www.e-maxima.ee/SiteImages/Inventory/3/4/4/3445c11f-7112-402c-8360-8fc136c2dde3.png?v=20160209.1158
1,19 €
5,95 € / kg

Toorjuust FARMI originaal 29.8%,150g
https://www.e-maxima.ee/SiteImages/Inventory/a/4/6/a46eb433-ea47-4ca1-bf6a-b7dd16ff685c.png?v=20160209.1158
1,19 €
7,93 € / kg

Toorjuust FARMI murulauguga 29.4%,150g
https://www.e-maxima.ee/SiteImages/Inventory/5/3/6/5366afce-bda6-4115-ab39-5f7b01c6bfaa.png?v=20160209.1158
1,19 €
7,93 € / kg

Toorjuust FARMI küüslauguga,150g
https://www.e-maxima.ee/SiteImages/Inventory/a/d/1/ad1698c9-85ab-4f7a-86c8-dc4b92031a86.png?v=20160209.1158
1,19 €
7,93 € / kg

Võil.määre CremeBonjour maitseroh.200g
https://www.e-maxima.ee/SiteImages/Inventory/3/3/a/33a1b106-38cc-4e59-b409-34e785076e07.png?v=20160209.1158
1,15 €
5,75 € / kg

Võileivamääre CremeBonjour hapukurg.200g
https://www.e-maxima.ee/SiteImages/Inventory/b/2/b/b2bc9005-0aab-423b-98ff-217efe885f2a.png?v=20160209.1158
1,15 €
5,75 € / kg

Köögi toorjuust FARMI 400g
https://www.e-maxima.ee/SiteImages/Inventory/4/2/0/4205422d-c889-46ec-b547-a7b06d4a7ad7.png?v=20160209.1158
2,75 €
6,88 € / kg

Sul.juust Kaval Ants VALIO, 200g
https://www.e-maxima.ee/SiteImages/Inventory/7/2/2/722802c5-5214-4304-84f9-e10ea9e3f35f.png?v=20160209.1158
1,09 €
5,45 € / kg

Suitsujuustupats Faruki 100g
https://www.e-maxima.ee/SiteImages/Inventory/f/b/f/fbf649f1-5d80-4223-a340-dc20e5f40c96.png?v=20160209.1158
1,19 €
11,90 € / kg

Sulatatud juust ürtidega 80g
https://www.e-maxima.ee/SiteImages/Inventory/6/1/3/613e9976-ec93-42e1-af27-6180271ba5c5.png?v=20160209.1158
0,55 €
6,88 € / kg

Sulatatud suitsujuust 80g
https://www.e-maxima.ee/SiteImages/Inventory/5/7/2/57243c1d-efaf-4125-a1cd-aacbb3c36ffd.png?v=20160209.1158
0,55 €
6,88 € / kg

Toorjuust PIATNICA murulauguga 135g
https://www.e-maxima.ee/SiteImages/Inventory/6/f/9/6f9a6274-f7c7-4f02-8dc5-e9b35784ce07.png?v=20160209.1158
0,65 €
4,81 € / kg

Määrdejuust Lepasuitsu 180g
https://www.e-maxima.ee/SiteImages/Inventory/c/d/8/cd80cb3f-c4d1-4035-881b-3a9f73a2a0ac.png?v=20160209.1158
1,19 €
6,61 € / kg

Toorjuust LaFresca vahemere ürt.190g
https://www.e-maxima.ee/SiteImages/Inventory/d/b/4/db4ef04a-dd9b-4694-a11e-7699e13667fc.png?v=20160209.1158
1,19 €
6,26 € / kg

Toorjuust RASA,180g
https://www.e-maxima.ee/SiteImages/Inventory/1/b/1/1b1465c3-e834-40b8-b422-42ff655cc420.png?v=20160209.1158
1,09 €
6,06 € / kg

Toorjuust ürtidega RASA,180g
https://www.e-maxima.ee/SiteImages/Inventory/9/2/0/92056888-2198-4776-9699-499ca5ded6f9.png?v=20160209.1158
1,09 €
6,06 € / kg

Sulatatud juust Hiirte 200g
https://www.e-maxima.ee/SiteImages/Inventory/9/0/2/9029f64e-7074-4aed-ab62-b85e0e2d7dba.png?v=20160209.1158
0,99 €
4,95 € / kg

Suitsujuust Kaval Ants VALIO 250 g
https://www.e-maxima.ee/SiteImages/Inventory/f/5/0/f50c638e-04c0-477f-a78a-4a9dbd6eb053.png?v=20160209.1158
2,29 €
9,16 € / kg

Sul.juust MEREVAIK suitsulõhega 200g
https://www.e-maxima.ee/SiteImages/Inventory/4/8/0/480f14c7-50ef-45f3-a1e8-f415169f5003.png?v=20160209.1158
1,19 €
5,95 € / kg

Toorjuust seentega RASA,180g
https://www.e-maxima.ee/SiteImages/Inventory/d/d/f/ddfc06f6-6de3-4d41-9b66-c03131976f63.png?v=20160209.1158
0,99 €
5,50 € / kg

Toorjuust Tere LaFresca 15% 190g
https://www.e-maxima.ee/SiteImages/Inventory/1/c/e/1ceca5b9-53dd-4711-862e-221e4b243c39.png?v=20160209.1158
1,19 €
6,26 € / kg

Sul.juust krevettidega ARMAS 23% 200g
https://www.e-maxima.ee/SiteImages/Inventory/4/f/6/4f618c19-6f9d-4b34-9692-e57c55979aff.png?v=20160209.1158
0,89 €
4,45 € / kg

Sulatatud juust Päikseke 10% 200g
https://www.e-maxima.ee/SiteImages/Inventory/a/b/7/ab7def0e-51c5-4acc-9c71-380b4c0eedc7.png?v=20160209.1158
0,99 €
4,95 € / kg

Sul.juust suitsujuustuga Hiirte 200g
https://www.e-maxima.ee/SiteImages/Inventory/3/7/4/37427b29-7163-4ece-8dae-8ce1716e4a7f.png?v=20160209.1158
0,99 €
4,95 € / kg

Sulatatud juust maitseroh.Hiirte 200g
https://www.e-maxima.ee/SiteImages/Inventory/e/2/7/e27b9080-0aed-4597-b23e-732249d2d96c.png?v=20160209.1158
0,99 €
4,95 € / kg

Sul.juust suitsusingiga Hiirte 200g
https://www.e-maxima.ee/SiteImages/Inventory/7/0/4/70437881-6edd-452a-aa0c-965216471e11.png?v=20160209.1158
0,99 €
4,95 € / kg

Sulatatud juust piimašok.,150g
https://www.e-maxima.ee/SiteImages/Inventory/9/0/d/90deb515-9ca6-4c87-9199-ed06140f7ad9.png?v=20160209.1158
1,15 €
7,67 € / kg

Sul.juust MEREVAIK nat. 370g
https://www.e-maxima.ee/SiteImages/Inventory/b/2/e/b2ef228e-7abb-4ae1-a3dc-30347dc0c8f3.png?v=20160209.1158
1,69 €
4,57 € / kg

Sulat.suitsujuust Zelmas piens, 330g
https://www.e-maxima.ee/SiteImages/Inventory/b/b/d/bbdf7edc-b0bb-42a1-abb6-cc79424d5812.png?v=20160209.1158
1,85 €
5,61 € / kg

Suitsujuust TERE, 200g
https://www.e-maxima.ee/SiteImages/Inventory/1/8/f/18f482b7-ca33-427c-8a5c-1223f3a4e458.png?v=20160209.1158
1,99 €
9,95 € / kg

Sul.suit.juust singiga Zelmas piens 330g
https://www.e-maxima.ee/SiteImages/Inventory/7/3/9/739826d5-bc45-4158-9834-70c12e05e55f.png?v=20160209.1158
1,99 €
6,03 € / kg

Juust FITAKI Hofmeister, 500g
https://www.e-maxima.ee/SiteImages/Inventory/7/3/8/738e7693-4ee1-4e7d-bfe9-822cc0b2c735.png?v=20160209.1158
3,25 €
6,50 € / kg

Juustupulgad PIK-NIK 40% 147g
https://www.e-maxima.ee/SiteImages/Inventory/6/5/c/65c37a40-ba41-4074-9801-2ed050562023.png?v=20160209.1158
1,09 €
7,41 € / kg

Kitsepiima toorjuust Chavroux 150g
https://www.e-maxima.ee/SiteImages/Inventory/d/1/5/d15664b2-46ed-42a8-8817-3427b7bfd713.png?v=20160209.1158
3,09 €
20,60 € / kg

Juust Brõnza üldm., kg
https://www.e-maxima.ee/SiteImages/Inventory/b/f/e/bfed8929-3652-462c-8283-4d19c0cc7409.png?v=20160209.1158
8,50 €
8,50 € / kg

Saksa valge juust Blancello 200g
https://www.e-maxima.ee/SiteImages/Inventory/7/1/b/71b7e719-11fd-4ed6-a61a-1b0f491d48b6.png?v=20160209.1158
1,72 €
8,60 € / kg

Toorjuust CASTELLO ananas.125g
https://www.e-maxima.ee/SiteImages/Inventory/6/2/7/62750b5f-3dd8-4df0-ae8e-baeaa026d287.png?v=20160209.1158
2,45 €
19,60 € / kg

Juust Zotarella basiilikuga ZOTT 125g
https://www.e-maxima.ee/SiteImages/Inventory/4/4/7/447580b3-c8be-487f-af47-42c5a0f0d4bd.png?v=20160209.1158
1,05 €
5,25 € / kg

Juust Mozzarella ürt., 250g
https://www.e-maxima.ee/SiteImages/Inventory/e/c/5/ec598cb1-1256-4fbb-9416-e0954e0fb243.png?v=20160209.1158
1,49 €
5,96 € / kg

Juustupulgad Cheerafa 147g
https://www.e-maxima.ee/SiteImages/Inventory/0/9/3/093ccaa7-dff8-4472-b500-d7b24b2cf5de.png?v=20160209.1158
1,09 €
7,41 € / kg

Juust Mozzarella Kirsid TERE 330g
https://www.e-maxima.ee/SiteImages/Inventory/0/0/8/0087d866-391c-4c4d-82da-df36b1a1f86e.png?v=20160209.1158
1,39 €
4,21 € / kg

Riiv. analoogtoote segu taim.rasv. 150g
https://www.e-maxima.ee/SiteImages/Inventory/a/6/f/a6f4cf5c-55cb-4f70-b992-5b49cfdffabc.png?v=20160209.1158
0,69 €
4,60 € / kg

Juust FETUVA 200g
https://www.e-maxima.ee/SiteImages/Inventory/0/e/6/0e626ca3-5f4b-4de3-b326-f436794c5b56.png?v=20160209.1158
1,54 €
7,70 € / kg

Juust Zotarella Classic ZOTT,125g
https://www.e-maxima.ee/SiteImages/Inventory/8/4/8/84810b61-70d3-4f89-ac6a-5768631fad0f.png?v=20160209.1158
1,09 €
5,45 € / kg

Juust Mozzarella 100g
https://www.e-maxima.ee/SiteImages/Inventory/a/b/4/ab44cc23-3465-43a5-8886-d2c953b2b2be.png?v=20160209.1158
0,59 €
2,95 € / kg

Juust Mascarpone 500g
https://www.e-maxima.ee/SiteImages/Inventory/b/e/1/be1e3df1-f493-40d5-89fb-68f6dae72494.png?v=20160209.1158
2,59 €
5,18 € / kg

Toode taimse rasvaga Akadia 500g
https://www.e-maxima.ee/SiteImages/Inventory/7/9/4/794a8581-1917-4f82-b52d-6ca9021a952f.png?v=20160209.1158
1,89 €
3,78 € / kg

Juustukuubik.küüsl.peters.Taverna,150g
https://www.e-maxima.ee/SiteImages/Inventory/d/7/e/d7e0b905-89b0-4962-ad35-ec8382c7aeee.png?v=20160209.1158
1,89 €
12,60 € / kg

Salatijuust õlis küüslauguga Farmi 330g
https://www.e-maxima.ee/SiteImages/Inventory/7/6/1/761b955c-5210-4640-aa2c-911eaf1544b0.png?v=20160209.1158
2,75 €
8,33 € / kg

Juust MOZZARELLA FORMAGIA 125g
https://www.e-maxima.ee/SiteImages/Inventory/2/7/6/276bf33b-8597-4871-94f8-d75fac358e75.png?v=20160209.1158
0,89 €
7,12 € / kg

Pehme valge juust Athena 500g
https://www.e-maxima.ee/SiteImages/Inventory/0/a/0/0a099a30-838d-43cf-be3b-9d732b4ac36e.png?v=20160209.1158
2,89 €
5,78 € / kg

Juustupulgad PIK-NIK jalapeno 126g
https://www.e-maxima.ee/SiteImages/Inventory/7/a/e/7ae3c941-ee77-414e-8035-5bddc3436a3d.png?v=20160209.1158
1,09 €
8,65 € / kg

Pehme juust Mascarpone 250g
https://www.e-maxima.ee/SiteImages/Inventory/3/6/2/36226056-c118-4d64-926f-798d5c5ce431.png?v=20160209.1158
1,79 €
7,16 € / kg

Lauavesi VICHY Classigue ga-tud 500ml
https://www.e-maxima.ee/SiteImages/Inventory/8/c/9/8c9d4d0e-20da-4984-8e6b-eab4dfd69d95.png?v=20160209.1158
0,49 €
0,98 € / l

Lauavesi VICHY Classique g-tud 1,5L
https://www.e-maxima.ee/SiteImages/Inventory/0/2/0/0208d08d-5e42-4411-afd8-525c7cc5c362.png?v=20160209.1158
0,85 €
0,57 € / l

Lauavesi VICHYClassique sidr.maits. 1,5L
https://www.e-maxima.ee/SiteImages/Inventory/4/0/b/40bba30d-04ac-4561-8fc0-1dbf137edca9.png?v=20160209.1158
0,85 €
0,57 € / l

Joogivesi BONAQUA min-ud 1,5L
https://www.e-maxima.ee/SiteImages/Inventory/f/e/5/fe5a1ba4-a12d-49ba-9bec-164aa0429824.png?v=20160209.1158
0,85 €
0,57 € / l

Mineraalvesi VITTEL 500ml
https://www.e-maxima.ee/SiteImages/Inventory/b/a/b/bab2b632-b6c1-49dd-ac4c-9abb134acd45.png?v=20160209.1158
0,79 €
1,58 € / l

Mineraalvesi VITTEL Sport Cap 750ml
https://www.e-maxima.ee/SiteImages/Inventory/8/f/3/8f34591b-0fcf-4f0d-9873-fdfec2fd2b6f.png?v=20160209.1158
0,99 €
1,32 € / l

Mineraalvesi PERRIER g-ga 330ml
https://www.e-maxima.ee/SiteImages/Inventory/2/3/d/23d8d01c-22e6-4c06-9d6d-5c476845dfe1.png?v=20160209.1158
0,95 €
2,88 € / l

Joogivesi BONAQUA min-ud,ga-ta 1,5l
https://www.e-maxima.ee/SiteImages/Inventory/c/1/5/c157a378-ef16-448d-8d42-0e98140a19bf.png?v=20160209.1158
0,85 €
0,57 € / l

Lauavesi VICHYClassigue sidr.maits.500ml
https://www.e-maxima.ee/SiteImages/Inventory/8/7/4/874f3117-cd15-4657-a509-a008deab0409.png?v=20160209.1158
0,49 €
0,98 € / l

Mineraalvesi EVIAN 1.5L
https://www.e-maxima.ee/SiteImages/Inventory/0/7/1/071ffbb6-1f74-48ee-8b51-265869b58b60.png?v=20160209.1158
1,29 €
0,86 € / l

Lauavesi RASA Active Life gas-ta  750ml
https://www.e-maxima.ee/SiteImages/Inventory/b/9/5/b95d4048-238b-4f88-80c0-0ba28240ccf8.png?v=20160209.1158
0,59 €
0,79 € / l

Allikavesi CRISTALINE 1,5L
https://www.e-maxima.ee/SiteImages/Inventory/d/8/1/d8185345-d503-41b2-b0b2-cc16bb88a6cb.png?v=20160209.1158
0,55 €
0,37 € / l

Mineraalvesi DARIDA 1.5L gas-tud
https://www.e-maxima.ee/SiteImages/Inventory/e/c/6/ec6306c7-f76a-470d-8c59-e5b4993d4588.png?v=20160209.1158
0,69 €
0,46 € / l

Mineraalvesi VYTAUTAS 500ml
https://www.e-maxima.ee/SiteImages/Inventory/7/d/7/7d729f16-04a4-4d60-9db4-cace4d0e6411.png?v=20160209.1158
0,39 €
0,78 € / l

Mineraalvesi MAGNESIA Nat-ne 1.5 L
https://www.e-maxima.ee/SiteImages/Inventory/b/5/8/b58a4c53-4c27-4355-925f-01ae12f98be4.png?v=20160209.1158
1,09 €
0,73 € / l

Lauavesi VICHY Still 1,5L
https://www.e-maxima.ee/SiteImages/Inventory/f/1/a/f1a928c0-295b-4a1d-9047-7f1873f9f83a.png?v=20160209.1158
0,85 €
0,57 € / l

Lauavesi VICHY Still 500ml
https://www.e-maxima.ee/SiteImages/Inventory/6/5/c/65c00054-7d67-4485-bcd9-fba00655db05.png?v=20160209.1158
0,49 €
0,98 € / l

Vesi AURA PLUS sidrunimaits.1.5L
https://www.e-maxima.ee/SiteImages/Inventory/f/2/c/f2cfad5b-5dc0-42b8-93f2-e22ec948673a.png?v=20160209.1158
0,69 €
0,46 € / l

Mineraalvesi VÄRSKA originaal 1.5L
https://www.e-maxima.ee/SiteImages/Inventory/f/9/6/f9600263-b4cc-4fa5-8b8f-559d37a66270.png?v=20160209.1158
1,19 €
0,79 € / l

Mineraalvesi VÄRSKA originaal 500ml
https://www.e-maxima.ee/SiteImages/Inventory/c/9/7/c97863be-21b4-4cd3-bfc9-6257185ceee7.png?v=20160209.1158
0,69 €
1,38 € / l

Vesi AURA PLUS pohlamaits. 1.5L
https://www.e-maxima.ee/SiteImages/Inventory/5/f/b/5fbaf062-050b-424b-90bc-1d8eed3e5b05.png?v=20160209.1158
0,69 €
0,46 € / l

Vesi AURA PLUS sidr.maits. 500ml
https://www.e-maxima.ee/SiteImages/Inventory/2/5/8/258c6709-74a9-4f7c-8cbc-1075d404651e.png?v=20160209.1158
0,55 €
1,10 € / l

Vesi AURA PLUS pohlamaits. 500ml
https://www.e-maxima.ee/SiteImages/Inventory/b/6/2/b62a34da-421b-41bf-bd8b-2a13be0849c9.png?v=20160209.1158
0,55 €
1,10 € / l

Vesi AURA Spring gaasita 1,5L
https://www.e-maxima.ee/SiteImages/Inventory/b/b/7/bb7f0be4-89bb-4622-b8fd-2f2f728c76fe.png?v=20160209.1158
0,54 €
0,36 € / l

Min.-tud vesi VÄRSKA 1,5L
https://www.e-maxima.ee/SiteImages/Inventory/d/5/6/d568e9ce-95c6-4e4e-8d97-699ddba36fb3.png?v=20160209.1158
0,75 €
0,50 € / l

Mineraalvesi BORJOMI karb-tud 500ml
https://www.e-maxima.ee/SiteImages/Inventory/3/e/d/3ed1da7f-7e40-4da7-a4a3-736227738650.png?v=20160209.1158
1,08 €
2,16 € / l

Mineraalvesi BORJOMI karb-tud 1L
https://www.e-maxima.ee/SiteImages/Inventory/e/0/4/e0421918-5e48-4c47-8b06-f785d99b1a0b.png?v=20160209.1158
1,29 €
1,29 € / l

Mineraalvesi BORJOMI karb-tud 500ml
https://www.e-maxima.ee/SiteImages/Inventory/5/3/2/532e742e-60d5-4373-9b10-9383cc891a16.png?v=20160209.1158
0,89 €
1,78 € / l

Joogivesi AURA kerg.,ga-tud 1.5L
https://www.e-maxima.ee/SiteImages/Inventory/8/0/e/80e76a4b-94c9-4b8e-b13e-2910e17b741e.png?v=20160209.1158
0,59 €
0,39 € / l

Joogivesi SAAREMAA Vesi 5l
https://www.e-maxima.ee/SiteImages/Inventory/2/a/5/2a5e0c0a-ec94-45f3-b152-c1d4e1cfde98.png?v=20160209.1158
0,99 €
0,20 € / l

Allikavesi NOVELLE 500ml
https://www.e-maxima.ee/SiteImages/Inventory/e/a/a/eaaee45f-be12-48fe-8a5c-b53419bddec8.png?v=20160209.1158
0,65 €
1,30 € / l

Joogivesi SAAREMAA gas-ud 500ml
https://www.e-maxima.ee/SiteImages/Inventory/5/a/b/5abbc740-cd14-4984-ac54-6c09d73135f3.png?v=20160209.1158
0,35 €
0,70 € / l

Joogivesi SAAREMAA 500ml
https://www.e-maxima.ee/SiteImages/Inventory/9/f/2/9f226f38-2c86-45b5-92a9-267000e9918b.png?v=20160209.1158
0,35 €
0,70 € / l

Gaseeritud vesi SAAREMAA 1,5L
https://www.e-maxima.ee/SiteImages/Inventory/e/1/1/e112212c-4a14-4c26-ace3-f2aed4494cbf.png?v=20160209.1158
0,49 €
0,33 € / l

Joogivesi SAAREMAA 1.5L
https://www.e-maxima.ee/SiteImages/Inventory/a/b/4/ab441588-891c-4987-af5c-f61360045521.png?v=20160209.1158
0,49 €
0,33 € / l

Vesi BORJOMI gas.-tud 1Lx6tk
https://www.e-maxima.ee/SiteImages/Inventory/4/2/6/4267ac24-a3a9-490d-96cd-03d97e901673.png?v=20160209.1158
7,99 €
1,33 € / l

Min. vesi AKVILE gaseerimata 500ml
https://www.e-maxima.ee/SiteImages/Inventory/e/c/7/ec7f0df0-bd63-4279-bfc6-55f44046c9c7.png?v=20160209.1158
0,29 €
0,58 € / l

Min. vesi AKVILE gaseerimata 1.5L
https://www.e-maxima.ee/SiteImages/Inventory/9/a/3/9a3eb6df-1f89-4176-b9b4-f9f63c635efb.png?v=20160209.1158
0,49 €
0,33 € / l

Min.vesi ACQUA PANNA gas-ta 1.5L
https://www.e-maxima.ee/SiteImages/Inventory/f/4/9/f4950bde-5e96-4752-9a45-0c845aa14e7f.png?v=20160209.1158
1,25 €
0,83 € / l

Mineraalvesi SAN PELLEGRINO 1L ,g-tud
https://www.e-maxima.ee/SiteImages/Inventory/e/6/9/e696298f-e4c6-4c7f-ad04-8f402c8e42ba.png?v=20160209.1158
1,39 €
1,39 € / l

Joogivesi SAAREMAA sidr.maitseline 500ml
https://www.e-maxima.ee/SiteImages/Inventory/d/5/7/d57d5376-4fc6-4e50-b6f1-7bbddf7101f0.png?v=20160209.1158
0,39 €
0,78 € / l

Joogivesi SAAREMAA sidr.maitseline 1.5L
https://www.e-maxima.ee/SiteImages/Inventory/3/3/a/33ad71aa-2847-4e80-bd49-5ac61df5f731.png?v=20160209.1158
0,49 €
0,33 € / l

Lauav.min.ainetega ESSENTUKY 17 1L,g-tud
https://www.e-maxima.ee/SiteImages/Inventory/6/2/3/6231f0e2-3443-4ecb-9f82-1e5d41899c8f.png?v=20160209.1158
0,95 €
0,95 € / l

Lauav.min.ainetega ESSENTUKY 4 1L,ga-tud
https://www.e-maxima.ee/SiteImages/Inventory/6/3/6/636339f0-db44-4c6a-8b9a-562e0c00e466.png?v=20160209.1158
0,95 €
0,95 € / l

Joogivesi AURA Fruit Sidruni ga-tud500ml
https://www.e-maxima.ee/SiteImages/Inventory/d/5/d/d5d6e60a-57ec-4755-82a5-d3a19a20c02b.png?v=20160209.1158
0,59 €
1,18 € / l

Joogivesi AURA Fruit Sidruni ga-tud 1,5l
https://www.e-maxima.ee/SiteImages/Inventory/1/3/3/1337da00-194c-48fc-8c15-b24f900801b6.png?v=20160209.1158
0,99 €
0,66 € / l

Mineraalvesi BORJOMI 330ml gas-tud
https://www.e-maxima.ee/SiteImages/Inventory/b/4/3/b439b6bf-a88e-4c24-a37c-e242aac999fe.png?v=20160209.1158
0,99 €
3,00 € / l

Mineraalvesi VÄRSKA Originaal g-ta,1.5l
https://www.e-maxima.ee/SiteImages/Inventory/1/a/b/1ab4141c-d9f2-44e0-8485-095fecbd4f5b.png?v=20160209.1158
1,25 €
0,83 € / l

Karb-tud lood.min.vesi VÄRSKA 1L
https://www.e-maxima.ee/SiteImages/Inventory/4/2/7/427b63a5-1110-4963-9019-592f74958b64.png?v=20160209.1158
0,85 €
0,85 € / l

Min.vesi RASA LIGHT Mineral gas-tud 1.5L
https://www.e-maxima.ee/SiteImages/Inventory/1/e/2/1e20006b-1b2e-47dd-a9e6-97608d8c42a0.png?v=20160209.1158
0,55 €
0,37 € / l

Karastusjook FANTA Apelsini 2L
https://www.e-maxima.ee/SiteImages/Inventory/c/f/c/cfc167f9-afb1-4dc1-bda6-52e021248daf.png?v=20160209.1158
0,99 €
0,50 € / l

Karastusjook SPRITE 2L
https://www.e-maxima.ee/SiteImages/Inventory/1/d/c/1dcf8169-bc25-400c-8f4f-cf8257570e04.png?v=20160209.1158
0,99 €
0,50 € / l

Karastusjook COCA-COLA 2L
https://www.e-maxima.ee/SiteImages/Inventory/1/a/f/1af3e635-8139-4b87-8327-4370bcdd6a55.png?v=20160209.1158
0,99 €
0,50 € / l

Karastusjook COCA-COLA LIGHT 2L
https://www.e-maxima.ee/SiteImages/Inventory/f/7/2/f729ffb2-2178-4863-9bce-3d8fea3110fa.png?v=20160209.1158
1,45 €
0,73 € / l

Karastusjook SPRITE 500ml
https://www.e-maxima.ee/SiteImages/Inventory/1/f/f/1ffb756c-c87c-4dfc-a8d8-168856f281f5.png?v=20160209.1158
0,72 €
1,44 € / l

Karastusjook COCA-COLA 1,25L
https://www.e-maxima.ee/SiteImages/Inventory/4/6/d/46da9655-7cee-43f1-b845-1265b598cce0.png?v=20160209.1158
0,95 €
0,76 € / l

Karastusjook FANTA 1.25L
https://www.e-maxima.ee/SiteImages/Inventory/e/4/c/e4cb74d6-1071-4079-96e7-769e035a2eff.png?v=20160209.1158
1,05 €
0,84 € / l

Karastusjook SPRITE 1.25L
https://www.e-maxima.ee/SiteImages/Inventory/6/a/3/6a3b673d-c95d-45a4-97ac-f8b6417ba26c.png?v=20160209.1158
1,05 €
0,84 € / l

Karastusjook FANTA Shokata 2L
https://www.e-maxima.ee/SiteImages/Inventory/2/3/0/2305f72a-18a7-42bb-ac13-83408477568a.png?v=20160209.1158
0,99 €
0,50 € / l

Jäätee LIPTON sidruni 1,5L
https://www.e-maxima.ee/SiteImages/Inventory/2/0/2/2029a9da-f0ee-4186-aa17-614bd2172a97.png?v=20160209.1158
1,25 €
0,83 € / l

Sidrunimaits. jäätee NESTEA 500ml
https://www.e-maxima.ee/SiteImages/Inventory/2/7/2/27283b17-e5f5-4e38-9242-aa1843c57f4e.png?v=20160209.1158
0,79 €
1,58 € / l

Karastusjook COCA-COLA 330ml
https://www.e-maxima.ee/SiteImages/Inventory/4/9/8/498e121a-2af8-4415-b9a0-37847967a3bd.png?v=20160209.1158
0,52 €
1,58 € / l

Karastusjook SPRITE 330ml
https://www.e-maxima.ee/SiteImages/Inventory/d/8/a/d8a7c4bd-68bc-436c-b157-c183d1aec223.png?v=20160209.1158
0,52 €
1,58 € / l

Karastusjook FANTA 330ml, prk
https://www.e-maxima.ee/SiteImages/Inventory/0/6/c/06cd217a-ab6f-44fe-bb7d-ecfd45754ce1.png?v=20160209.1158
0,52 €
1,58 € / l

Karastusjook LIMONAAD traditsioon. 500ml
https://www.e-maxima.ee/SiteImages/Inventory/8/4/a/84a5be92-a61a-45e8-9d20-1d1a4934aebc.png?v=20160209.1158
0,49 €
0,98 € / l

Toonik SCHWEPPES TONIC 1,5l
https://www.e-maxima.ee/SiteImages/Inventory/c/1/a/c1a8173b-7877-44bd-9f5a-5421e62fd66a.png?v=20160209.1158
1,49 €
0,99 € / l

Karastusjook FANTA apelsini 500ml
https://www.e-maxima.ee/SiteImages/Inventory/b/9/c/b9cbd304-5398-4e4c-aed5-1e609279b485.png?v=20160209.1158
0,72 €
1,44 € / l

Karastusjook COCA-COLA 500ml
https://www.e-maxima.ee/SiteImages/Inventory/7/f/0/7f057972-a59a-4270-ab38-55800244f087.png?v=20160209.1158
0,66 €
1,32 € / l

Virsikumaits. jäätee NESTEA 500ml
https://www.e-maxima.ee/SiteImages/Inventory/1/4/c/14cbb9e4-ee79-434d-86dd-1d0fa9fe2d31.png?v=20160209.1158
0,79 €
1,58 € / l

Karastusjook ORIGINAL Taste COLA 2L
https://www.e-maxima.ee/SiteImages/Inventory/1/6/2/162de958-62cf-4868-b541-d278e8e61ffc.png?v=20160209.1158
0,95 €
0,48 € / l

Karastusjook MÕMMI traditsiooniline 2L
https://www.e-maxima.ee/SiteImages/Inventory/d/9/3/d93948c5-f17e-48ce-84d0-305581b8130a.png?v=20160209.1158
0,85 €
0,43 € / l

Toonik SCHWEPPES Russchian 1,5L
https://www.e-maxima.ee/SiteImages/Inventory/7/8/4/7841831f-ea2d-4d9f-9089-aed8222557a4.png?v=20160209.1158
1,49 €
0,99 € / l

Sidrunimaits. jäätee NESTEA 1.5L
https://www.e-maxima.ee/SiteImages/Inventory/3/a/3/3a33d3fd-0469-4544-acfb-ba3420bea8e6.png?v=20160209.1158
1,29 €
0,86 € / l

Kaljamaits. karastusjook LINNUSE 500ml
https://www.e-maxima.ee/SiteImages/Inventory/2/2/0/220b65cb-6fe7-48a5-b380-ac615889ad32.png?v=20160209.1158
0,65 €
1,30 € / l

Jäätee NESTEA GREEN TEA VITAO 500ml
https://www.e-maxima.ee/SiteImages/Inventory/f/8/4/f84ddfdf-5d0b-41e4-8bfc-c03b481bef72.png?v=20160209.1158
0,79 €
1,58 € / l

Virsikumaitseline jäätee NESTEA 1.5L
https://www.e-maxima.ee/SiteImages/Inventory/7/6/0/76070b54-2ef0-457e-863b-c4cbffbcce3b.png?v=20160209.1158
1,19 €
0,79 € / l

Karastusjook PEPSI COLA 500ml
https://www.e-maxima.ee/SiteImages/Inventory/6/c/1/6c1864b2-7513-42c4-847a-b3191166cc01.png?v=20160209.1158
0,65 €
1,30 € / l

Karastusjook PEPSI Max 500ml
https://www.e-maxima.ee/SiteImages/Inventory/3/a/b/3abf779a-7241-4d0d-9f7b-4094ce387a11.png?v=20160209.1158
0,65 €
1,30 € / l

Karastusjook 7 UP 2 L
https://www.e-maxima.ee/SiteImages/Inventory/f/8/1/f81ce7b0-b7ff-4f6b-9d99-21b3e785afb9.png?v=20160209.1158
1,29 €
0,65 € / l

Jook VICHY Vivafresh sidrunimaits. 500ml
https://www.e-maxima.ee/SiteImages/Inventory/8/3/9/8394bdad-86a9-42e6-bcf7-1327d4387c90.png?v=20160209.1158
0,55 €
1,10 € / l

Jook VICHY Vivafresh sidr-laimimaits1.5L
https://www.e-maxima.ee/SiteImages/Inventory/0/b/b/0bb11b30-e017-4b4c-8186-246f6f14bf39.png?v=20160209.1158
0,98 €
0,65 € / l

Roheline jäätee NESTEA  1.5L
https://www.e-maxima.ee/SiteImages/Inventory/a/e/1/ae103428-0dec-497f-9ba5-dc3b0b42e1b7.png?v=20160209.1158
1,29 €
0,86 € / l

Karastusjook KELLUKE sidrunimaits. 500ml
https://www.e-maxima.ee/SiteImages/Inventory/5/1/c/51c3ee45-79b3-4f10-a42d-03120f2cf9ac.png?v=20160209.1158
0,49 €
0,98 € / l

Karastusjook Limonaad traditsioon. 1,5L
https://www.e-maxima.ee/SiteImages/Inventory/f/3/1/f315278e-8785-4221-8ce7-63edfdbe655b.png?v=20160209.1158
0,85 €
0,57 € / l

Karastusjook KELLUKE sidrunimaits. 1.5L
https://www.e-maxima.ee/SiteImages/Inventory/3/c/2/3c2902bb-b890-4d89-9998-2a8f99617b2b.png?v=20160209.1158
0,85 €
0,57 € / l

Toonik A. LE COQ Greibi 1.5L
https://www.e-maxima.ee/SiteImages/Inventory/0/9/a/09ae5336-9c59-4b0e-86b5-66ef059e54bb.png?v=20160209.1158
1,15 €
0,77 € / l

Karastusjook COCA-COLA light 500ml
https://www.e-maxima.ee/SiteImages/Inventory/4/4/7/44763e1c-8cae-4c18-bb4d-665aa97781b5.png?v=20160209.1158
0,72 €
1,44 € / l

Kali TANHEISER1.5L
https://www.e-maxima.ee/SiteImages/Inventory/2/0/4/20403db9-a26e-48ea-abdd-9e089dee6904.png?v=20160209.1158
1,25 €
0,83 € / l

Karastusjook COCA-COLA ZERO 2L
https://www.e-maxima.ee/SiteImages/Inventory/2/9/4/2941bd75-bb4d-427e-896a-3519cdd20518.png?v=20160209.1158
0,99 €
0,50 € / l

Karastusjook COCA-COLA Zero 1.25 L
https://www.e-maxima.ee/SiteImages/Inventory/d/6/5/d65b0845-7a02-42c9-9a57-5a56dac07f6f.png?v=20160209.1158
0,95 €
0,76 € / l

Karastusjook COCA-COLA Zero 500ml
https://www.e-maxima.ee/SiteImages/Inventory/2/0/7/207edeaf-259d-46ae-a568-63437f9f446b.png?v=20160209.1158
0,69 €
1,38 € / l

Jäätee LIPTON Roheline jäätee 1,5 L
https://www.e-maxima.ee/SiteImages/Inventory/9/6/5/965e4be5-c8de-41b1-b4d7-3e912968ca8a.png?v=20160209.1158
1,25 €
0,83 € / l

Kali A. LE COQ KLASSIKALINE 1L
https://www.e-maxima.ee/SiteImages/Inventory/4/3/a/43acdf3e-6ec3-42aa-b14c-8e5fc4c7396b.png?v=20160209.1158
0,89 €
0,89 € / l

Kaljamaitseline kar.jook LINNUSE 2.0L
https://www.e-maxima.ee/SiteImages/Inventory/a/7/0/a7079bf0-fd44-46b5-91fc-543b2cadef3b.png?v=20160209.1158
1,18 €
0,59 € / l

Jook VICHY Vivafresh vaar.rab.maits.1.5L
https://www.e-maxima.ee/SiteImages/Inventory/3/2/2/3220e504-ba9e-4b05-be53-82e9430eb0b0.png?v=20160209.1158
0,95 €
0,63 € / l

Karastusjook BAIKAL 2L,pet
https://www.e-maxima.ee/SiteImages/Inventory/9/1/d/91de302c-d5e1-4348-87af-db9c539e71e1.png?v=20160209.1158
1,85 €
0,93 € / l

Karastusjook TARHUN 2L,pet
https://www.e-maxima.ee/SiteImages/Inventory/8/8/1/881aa372-31cb-4c40-90fc-860735462fee.png?v=20160209.1158
1,85 €
0,93 € / l

Karastusjook HARTWALL Jaffa 1.5L
https://www.e-maxima.ee/SiteImages/Inventory/1/c/6/1c6379b9-5afa-4640-8776-668de4a6c1a0.png?v=20160209.1158
1,35 €
0,90 € / l

Karastusjook COCA-COLA ZERO 330ml
https://www.e-maxima.ee/SiteImages/Inventory/1/2/e/12e260f1-381c-412b-87f5-c0f533a978fb.png?v=20160209.1158
0,52 €
1,58 € / l

Kali A. LE COQ KLASSIKALINE 2L
https://www.e-maxima.ee/SiteImages/Inventory/4/4/2/44223dad-acfe-4c8b-a70b-f794020475c2.png?v=20160209.1158
1,39 €
0,70 € / l

Tomatimahl CIDO XL 1.5L
https://www.e-maxima.ee/SiteImages/Inventory/e/a/8/ea8e0b5f-15de-4f9f-ba24-9e6db0103173.png?v=20160209.1158
1,19 €
0,79 € / l

Apelsinimahl AURA 1L
https://www.e-maxima.ee/SiteImages/Inventory/a/6/a/a6a09b32-4cd8-4f07-a7d5-cf7da05e1075.png?v=20160209.1158
1,05 €
1,05 € / l

Tomatimahl AURA 1L
https://www.e-maxima.ee/SiteImages/Inventory/a/7/6/a76556df-79fe-4a45-8fea-c162a87172c1.png?v=20160209.1158
0,89 €
0,89 € / l

Multinektar AURA 1L
https://www.e-maxima.ee/SiteImages/Inventory/6/c/7/6c704eee-16e7-4d78-9b73-e095ff4beec3.png?v=20160209.1158
0,75 €
0,75 € / l

Tomatimahl NATUR 100% 1L
https://www.e-maxima.ee/SiteImages/Inventory/1/9/c/19c59ef8-3d86-433f-aa0e-e3ac586d873a.png?v=20160209.1158
1,39 €
1,39 € / l

Jõhvika-viinamarjaj.MARLI+Flavonoidid 1L
https://www.e-maxima.ee/SiteImages/Inventory/3/e/9/3e984e41-f343-4911-93dd-bf316a118a90.png?v=20160209.1158
1,39 €
1,39 € / l

Õunamahl AURA 100% 1L
https://www.e-maxima.ee/SiteImages/Inventory/7/0/9/709ab22a-d22a-49ee-a746-6b1e3a915357.png?v=20160209.1158
1,09 €
1,09 € / l

Multinektar GUTTA MAX  50% 2L
https://www.e-maxima.ee/SiteImages/Inventory/c/6/d/c6d39ab1-5b9d-48e3-a946-9e7f1acbfca9.png?v=20160209.1158
1,29 €
0,65 € / l

Õuna-pirnijook CAPPY ICE FRUIT 500ml
https://www.e-maxima.ee/SiteImages/Inventory/7/c/6/7c663edd-397e-4fcf-84b2-1ec3def2654a.png?v=20160209.1158
0,79 €
1,58 € / l

Ploominektar AURA 1L
https://www.e-maxima.ee/SiteImages/Inventory/8/7/c/87ce1c4e-38b1-42ad-8d95-44155fb0e8f4.png?v=20160209.1158
0,75 €
0,75 € / l

Jõhvikajook AURA 1L
https://www.e-maxima.ee/SiteImages/Inventory/7/8/0/780e171b-a007-4150-beee-c0537bccc82a.png?v=20160209.1158
0,75 €
0,75 € / l

Virsikunektar  AURA 1L
https://www.e-maxima.ee/SiteImages/Inventory/a/8/4/a84f1de0-3fe6-46b9-81be-e2c2de40ea9e.png?v=20160209.1158
1,09 €
1,09 € / l

Pirnijook TRIP 200ml
https://www.e-maxima.ee/SiteImages/Inventory/4/d/f/4df0722a-d4c8-457e-9f55-65e4e63354f8.png?v=20160209.1158
0,39 €
1,95 € / l

Tomatimahl CIDO  1L
https://www.e-maxima.ee/SiteImages/Inventory/4/5/d/45dcc077-012e-403c-9843-ae5e3e5cd0ea.png?v=20160209.1158
0,95 €
0,95 € / l

Viinamarjanektar CIDO 1L
https://www.e-maxima.ee/SiteImages/Inventory/d/c/4/dc49e864-3287-46a9-9917-e4e7a02a2290.png?v=20160209.1158
1,15 €
1,15 € / l

Greibimahl CIDO 1L
https://www.e-maxima.ee/SiteImages/Inventory/3/a/2/3a2b913d-7834-4ddc-912b-188cdba9be8d.png?v=20160209.1158
1,19 €
1,19 € / l

Ploominektar CIDO 1L
https://www.e-maxima.ee/SiteImages/Inventory/4/c/0/4c0a74ed-d533-4728-bf80-736bcaca58c5.png?v=20160209.1158
1,15 €
1,15 € / l

Ploominektar 3L
https://www.e-maxima.ee/SiteImages/Inventory/4/3/1/431c2c7b-b9b9-4c51-ac2a-5619516c65e4.png?v=20160209.1158
2,79 €
0,93 € / l

Aprikoosinektar VITA 1L
https://www.e-maxima.ee/SiteImages/Inventory/3/9/2/392fd39e-54b7-4fc1-8c31-49018302596f.png?v=20160209.1158
1,19 €
1,19 € / l

Tomatimahl VITA 1L
https://www.e-maxima.ee/SiteImages/Inventory/c/9/0/c90d6e41-2f20-4037-8af3-0c2f2b69d4df.png?v=20160209.1158
1,19 €
1,19 € / l

Tomatijook 3L
https://www.e-maxima.ee/SiteImages/Inventory/8/e/4/8e46ac6b-5872-4575-93a8-5c239e9bb52f.png?v=20160209.1158
2,49 €
0,83 € / l

Multijook LIMPA 200ml
https://www.e-maxima.ee/SiteImages/Inventory/1/e/1/1e11dbaa-3ecf-466b-9bf2-b1854477aaae.png?v=20160209.1158
0,35 €
1,75 € / l

Õuna ja kirsijook LIMPA 200ml
https://www.e-maxima.ee/SiteImages/Inventory/3/3/4/3343f64e-0eea-40fe-acba-f4222b41d2ee.png?v=20160209.1158
0,35 €
1,75 € / l

Õunamahl VITA 1L
https://www.e-maxima.ee/SiteImages/Inventory/5/3/1/5315c8fc-6d70-429f-a48f-0bc5c9229437.png?v=20160209.1158
1,19 €
1,19 € / l

Köögiviljamahl CIDO 1L
https://www.e-maxima.ee/SiteImages/Inventory/5/2/4/52426eda-3b18-4e15-83ef-efe40a9b8e46.png?v=20160209.1158
1,15 €
1,15 € / l

Vaarikajook TRIP 200ml
https://www.e-maxima.ee/SiteImages/Inventory/a/b/8/ab8cade4-7195-4ff6-a1ef-f9f52dd4a09e.png?v=20160209.1158
0,39 €
1,95 € / l

Multi mahlajook CAPPY ICE 500ml
https://www.e-maxima.ee/SiteImages/Inventory/1/2/6/1267df3b-1991-4758-a6f3-23b659c20d12.png?v=20160209.1158
0,79 €
1,58 € / l

Granaatõunanektar 4U 100% 1L
https://www.e-maxima.ee/SiteImages/Inventory/c/8/f/c8f02804-e21a-4670-a456-64c2a88acee4.png?v=20160209.1158
2,99 €
2,99 € / l

Mahlajook CAPPY ICE FRUIT multivit. 1,5l
https://www.e-maxima.ee/SiteImages/Inventory/7/5/9/759f130a-6671-4a68-af89-1c260512a252.png?v=20160209.1158
1,39 €
0,93 € / l

Spordijook ARCTIC Sport greibimaits.1.5L
https://www.e-maxima.ee/SiteImages/Inventory/b/b/d/bbd26295-ebd4-4db5-bd8c-7f1d52bf7578.png?v=20160209.1158
1,35 €
0,90 € / l

Õuna-pirnijook CAPPY ICE FRUIT 1.5L
https://www.e-maxima.ee/SiteImages/Inventory/3/c/3/3c3fc38f-0a6a-4c71-a34e-154d0c1f5131.png?v=20160209.1158
1,39 €
0,93 € / l

Jõhvikajook GUTTA MAX 5% 2L
https://www.e-maxima.ee/SiteImages/Inventory/f/a/e/faee7473-0d4b-419d-a2d5-cb9841f1e037.png?v=20160209.1158
1,29 €
0,65 € / l

Mangonektar COMPAL Classico 1L
https://www.e-maxima.ee/SiteImages/Inventory/4/6/0/460aea23-d93b-4f79-91ca-7efd5171e167.png?v=20160209.1158
1,49 €
1,49 € / l

Apelsinimahl COMPAL Fresh 1L
https://www.e-maxima.ee/SiteImages/Inventory/6/8/2/682ac3ff-196d-47ad-a020-8e630ff14406.png?v=20160209.1158
1,49 €
1,49 € / l

Anan-kookosemaits.nektar COMPAL Light 1L
https://www.e-maxima.ee/SiteImages/Inventory/8/6/1/86123a63-1483-46f5-8be7-0403f01d20f3.png?v=20160209.1158
1,49 €
1,49 € / l

Multimahlajook PÕLTSAMAA 1L
https://www.e-maxima.ee/SiteImages/Inventory/8/8/7/887c192c-0bc7-413f-982f-0ee64aa15a73.png?v=20160209.1158
1,05 €
1,05 € / l

Apelsinimahl PÕLTSAMAA 1L
https://www.e-maxima.ee/SiteImages/Inventory/6/a/1/6a16e95e-867a-4e40-8d97-de02c82e0ed8.png?v=20160209.1158
1,21 €
1,21 € / l

Tomatimahl PÕLTSAMAA 1L
https://www.e-maxima.ee/SiteImages/Inventory/5/1/2/512a7e2b-8e50-4ed8-b94c-25135eedb762.png?v=20160209.1158
0,89 €
0,89 € / l

Õunamahl PÕLTSAMAA 1L
https://www.e-maxima.ee/SiteImages/Inventory/7/d/e/7dec9c93-f2d3-4ce9-86f2-6c0070627ec7.png?v=20160209.1158
1,05 €
1,05 € / l

Ploominektar PÕLTSAMAA 1L
https://www.e-maxima.ee/SiteImages/Inventory/6/d/d/6dd81073-04c0-4e9e-9333-2166d3726234.png?v=20160209.1158
0,87 €
0,87 € / l

Jõhvikajook PÕLTSAMAA 1L
https://www.e-maxima.ee/SiteImages/Inventory/2/2/3/2232267d-42cb-455c-9f8e-6d796b831897.png?v=20160209.1158
0,82 €
0,82 € / l

Mustika-õunajook PÕLTSAMAA 1L
https://www.e-maxima.ee/SiteImages/Inventory/d/4/5/d45e2d44-e70d-49fd-9b84-c3d89c99050d.png?v=20160209.1158
0,87 €
0,87 € / l

Õunamahl MAXIMA Favorit 1L
https://www.e-maxima.ee/SiteImages/Inventory/b/9/f/b9f7e347-3649-4880-985d-d23c2daefd1b.png?v=20160209.1158
0,89 €
0,89 € / l

Apelsinimahl MAXIMA Favorit 1L
https://www.e-maxima.ee/SiteImages/Inventory/a/2/e/a2e6d49a-d926-4330-b27f-e915e166eddf.png?v=20160209.1158
1,05 €
1,05 € / l

Tomatimahl MAXIMA Favorit 1L
https://www.e-maxima.ee/SiteImages/Inventory/c/5/0/c501a2c4-55da-4a4b-8bad-367c7969c920.png?v=20160209.1158
0,79 €
0,79 € / l

Puuviljanektar MAXIMA Favorit 1L
https://www.e-maxima.ee/SiteImages/Inventory/4/9/e/49e96993-d4b5-4f12-8c51-8db2026dccdc.png?v=20160209.1158
0,89 €
0,89 € / l

Õunamahl PURE 100% 1L
https://www.e-maxima.ee/SiteImages/Inventory/b/7/7/b77705ae-1538-4f2a-8810-f21d33d060ef.png?v=20160209.1158
2,35 €
2,35 € / l

Apelsinimahl PURE 100% 1L
https://www.e-maxima.ee/SiteImages/Inventory/4/8/1/48128b28-1d73-4cc1-9c5b-72c769e025b8.png?v=20160209.1158
2,39 €
2,39 € / l

Ploomi nektar NATURALIS 1L
https://www.e-maxima.ee/SiteImages/Inventory/6/a/7/6a7af5c3-a4e3-45c0-9f47-f09ff6519ca5.png?v=20160209.1158
0,89 €
0,89 € / l

Virsiku nektar NATURALIS 1L
https://www.e-maxima.ee/SiteImages/Inventory/6/b/9/6b9cf63e-94e6-4407-8a5d-b3a4105cfdbc.png?v=20160209.1158
0,89 €
0,89 € / l

Jõhvikamaits.siirup AMBROSIA 500ml,pet
https://www.e-maxima.ee/SiteImages/Inventory/3/e/9/3e93cf6d-1652-4485-ad93-78795545486e.png?v=20160209.1158
1,35 €
2,70 € / l

Vaar.-mustsõst.maits.siirupAMBROSIA500ml
https://www.e-maxima.ee/SiteImages/Inventory/a/3/2/a32856d2-9005-4e6f-9b8b-ad01c4459357.png?v=20160209.1158
1,35 €
2,70 € / l

Siirup HELIIS metsvaarikamaitseline500ml
https://www.e-maxima.ee/SiteImages/Inventory/3/4/6/346959a8-e900-40ab-87a0-2559196f451c.png?v=20160209.1158
1,15 €
2,30 € / l

Siirup HELIIS jõhvikamaitseline 500ml
https://www.e-maxima.ee/SiteImages/Inventory/a/7/c/a7c94614-d1f2-4faa-8bbe-57680ca5b776.png?v=20160209.1158
1,15 €
2,30 € / l

Siirup HELIIS pirnimaitseline 500ml
https://www.e-maxima.ee/SiteImages/Inventory/1/7/e/17e455cc-bea0-4e73-9711-939df2047d5c.png?v=20160209.1158
1,15 €
2,30 € / l

Mustsõstrasiirup PÄIKESEMARJA 1L
https://www.e-maxima.ee/SiteImages/Inventory/d/3/4/d34889ca-233b-4abb-8d48-1e813448ffe2.png?v=20160209.1158
2,85 €
2,85 € / l

Vaarikamaitseline siirup GUSTA Fit 500ml
https://www.e-maxima.ee/SiteImages/Inventory/9/9/1/991c1171-1a5c-427b-a786-535376fd768a.png?v=20160209.1158
0,65 €
1,30 € / l

Apelsinimaits. siirup GUSTA Fit 500ml
https://www.e-maxima.ee/SiteImages/Inventory/c/e/0/ce0f0d80-9a5a-4191-bae5-d73dde0e7ab2.png?v=20160209.1158
0,65 €
1,30 € / l

Mustika- ja maasikasiirup MARLI 500ml
https://www.e-maxima.ee/SiteImages/Inventory/a/3/5/a352a788-6a49-4af8-a700-231f1630948c.png?v=20160209.1158
2,19 €
4,38 € / l

Mustika- ja arooniasiirup MARLI 500ml
https://www.e-maxima.ee/SiteImages/Inventory/9/d/9/9d973acf-0b52-43e2-8b56-6fc4baa4e43e.png?v=20160209.1158
2,19 €
4,38 € / l

Kannujook PÕLTSAMAA jõhvika 1L
https://www.e-maxima.ee/SiteImages/Inventory/f/2/9/f2958c8f-0557-4e2f-9345-256db631a85f.png?v=20160209.1158
2,09 €
2,09 € / l

Kannujook PÕLTSAMAA Mustasõs.õun.vaar.1L
https://www.e-maxima.ee/SiteImages/Inventory/b/8/6/b861a11a-33f0-4154-bb40-4b97bb5b1898.png?v=20160209.1158
2,25 €
2,25 € / l

Pun.sõs.-ja maasikamait.siirupHELIIS1.5L
https://www.e-maxima.ee/SiteImages/Inventory/c/d/b/cdb22911-ecc6-4af9-b36d-f0ca05987b7a.png?v=20160209.1158
2,49 €
1,66 € / l

Metsvaarikamaitseline siirup HELIIS 1.5L
https://www.e-maxima.ee/SiteImages/Inventory/3/e/0/3e06d8fe-75f5-4ec7-a711-c80b8f2196ae.png?v=20160209.1158
2,49 €
1,66 € / l

Kirsimaitseline siirup GUSTA FIT 1L
https://www.e-maxima.ee/SiteImages/Inventory/2/d/5/2d5cf0fd-7da0-4586-b2b9-5ae293c93a33.png?v=20160209.1158
0,75 €
0,75 € / l

Maasikamaitseline siirup GUSTA FIT 1L
https://www.e-maxima.ee/SiteImages/Inventory/2/9/0/2907ddf4-f084-4a2f-ba29-dd4edb1167f4.png?v=20160209.1158
0,75 €
0,75 € / l

Siirup HELIIS Kirsimaitseline 1,5L
https://www.e-maxima.ee/SiteImages/Inventory/3/7/c/37c2aac6-b551-4a91-a240-ade28f61a184.png?v=20160209.1158
2,49 €
1,66 € / l

Must tee Yellow Label LIPTON 25x2g
https://www.e-maxima.ee/SiteImages/Inventory/4/8/6/48699088-9961-4032-993c-05e86c8e96a3.png?v=20160209.1158
0,95 €
0,04 € / tk

Must tee Yellow Label LIPTON 50x2g
https://www.e-maxima.ee/SiteImages/Inventory/9/4/5/9456f887-3484-4518-b1af-f7427bb36199.png?v=20160209.1158
2,15 €
0,04 € / tk

Must tee DILMAH  30x1.5g
https://www.e-maxima.ee/SiteImages/Inventory/9/6/8/9684063b-02f6-4bd3-aee1-0a1dad94c4cd.png?v=20160209.1158
1,09 €
0,04 € / tk

Must tee LIPTON sidrunikoorega 20x1.6g
https://www.e-maxima.ee/SiteImages/Inventory/2/6/a/26ae2853-9d63-4169-af7f-1a77bfe0cdf6.png?v=20160209.1158
1,49 €
0,07 € / tk

Must tee LIPTON musta sõstraga 20x1.6g
https://www.e-maxima.ee/SiteImages/Inventory/a/f/5/af57cd4d-9afa-47d5-9602-4e627dc8cc0c.png?v=20160209.1158
1,49 €
0,07 € / tk

Must tee LIPTON maasikatega 20x1.6g
https://www.e-maxima.ee/SiteImages/Inventory/9/e/e/9ee21a82-f9c4-4fba-bf32-00cf08859ad6.png?v=20160209.1158
1,49 €
0,07 € / tk

Must tee Forest Fruit LIPTON 150g
https://www.e-maxima.ee/SiteImages/Inventory/8/f/e/8fec03ee-fece-4bde-98eb-aaaf6eebb968.png?v=20160209.1158
4,15 €
27,67 € / kg

Must tee niidita kotis DILMAH 100x1,5g
https://www.e-maxima.ee/SiteImages/Inventory/8/8/f/88f3782e-67c8-4e7e-9114-a082bb4403af.png?v=20160209.1158
3,69 €
0,04 € / tk

Must tee Tase of London LIPTON 25x2g
https://www.e-maxima.ee/SiteImages/Inventory/c/8/a/c8a581f1-e76c-4d4d-a713-00677b74529b.png?v=20160209.1158
1,29 €
0,05 € / tk

Must tee Engl. AristocraticHYLEYS25x2g
https://www.e-maxima.ee/SiteImages/Inventory/3/c/d/3cda3d14-e633-41be-89c5-a12ba8d76d60.png?v=20160209.1158
1,15 €
0,05 € / tk

Must tee Royal Blend HYLEYS 25x2g
https://www.e-maxima.ee/SiteImages/Inventory/a/1/2/a12b6fd2-fba1-4f54-9573-a3f28f2ac69a.png?v=20160209.1158
1,25 €
0,05 € / tk

Tee Scottish Breakfast HYLEYS 25x1.5g
https://www.e-maxima.ee/SiteImages/Inventory/4/f/e/4fe5359c-f17f-41ed-b24b-804efafb13f3.png?v=20160209.1158
1,09 €
0,04 € / tk

Must tee Sc. Breakfast HYLEYS 100x1.5g
https://www.e-maxima.ee/SiteImages/Inventory/8/5/0/850ba241-ab5d-4cfc-bcc8-b926ca3ff343.png?v=20160209.1158
2,99 €
0,03 € / tk

Must tee English Aristocratic HYLEYS100g
https://www.e-maxima.ee/SiteImages/Inventory/4/c/3/4c307f8f-cffa-47a9-9477-3458d3348c0b.png?v=20160209.1158
1,29 €
12,90 € / kg

Must tee Special Blend HYLEYS 100g
https://www.e-maxima.ee/SiteImages/Inventory/e/0/4/e0429a0a-a80a-4027-9a39-4d522ca507a3.png?v=20160209.1158
1,15 €
11,50 € / kg

Must tee Safari MAISKY 25x2g
https://www.e-maxima.ee/SiteImages/Inventory/9/3/7/937777bc-4846-4535-8c84-018e44db6117.png?v=20160209.1158
0,99 €
0,04 € / tk

Must tee Golden Ceylon,GREENFIELD 25x2g
https://www.e-maxima.ee/SiteImages/Inventory/9/f/5/9f5f726c-7ee3-400c-ba8c-77d7119dc92c.png?v=20160209.1158
1,59 €
0,06 € / tk

Tseiloni must tee MAISKY 100g
https://www.e-maxima.ee/SiteImages/Inventory/d/e/d/ded586be-7852-4114-af3b-68df7b055b89.png?v=20160209.1158
0,79 €
7,90 € / kg

Must aromat. tee Sünnipäev GURMANS 90g
https://www.e-maxima.ee/SiteImages/Inventory/0/1/4/014e1157-ba86-49ea-874c-a18f2f1d196a.png?v=20160209.1158
2,99 €
33,22 € / kg

Must tee Golden Ceylon GREENFIELD100g
https://www.e-maxima.ee/SiteImages/Inventory/2/e/5/2e5b5d4a-3e59-4f55-9666-078756a4ce83.png?v=20160209.1158
1,59 €
15,90 € / kg

Must tee Earl Gray,GREENFIELD 25x2g
https://www.e-maxima.ee/SiteImages/Inventory/b/d/3/bd3db198-5049-4703-ae45-d6df81ceede8.png?v=20160209.1158
1,69 €
0,07 € / tk

Must tee Spring Melody GREENFIELD25x1,5g
https://www.e-maxima.ee/SiteImages/Inventory/6/8/f/68f4c142-3ffa-474b-8949-d7c8e9d3c454.png?v=20160209.1158
1,89 €
0,08 € / tk

Must tee Gold AKBAR 25x2g
https://www.e-maxima.ee/SiteImages/Inventory/2/0/a/20a8ae79-0a1d-4eb3-868a-fa84671fbcf9.png?v=20160209.1158
1,29 €
0,05 € / tk

Must tee Easter Cheer GREENFIELD 25x1.5g
https://www.e-maxima.ee/SiteImages/Inventory/0/b/3/0b381b6d-e4dd-4e6b-a19b-e47d60cb915c.png?v=20160209.1158
1,88 €
0,08 € / tk

Must tee sidr. Lemon LIPTON  pür.20x1.7g
https://www.e-maxima.ee/SiteImages/Inventory/9/8/2/982f2573-21af-4e66-a681-5eb045ed65da.png?v=20160209.1158
1,75 €
0,09 € / tk

Must tee BlueFruit LIPTON pür.20x1.8g
https://www.e-maxima.ee/SiteImages/Inventory/e/f/f/effad78a-8f69-44dd-b100-6186e7d776f7.png?v=20160209.1158
1,75 €
0,09 € / tk

Must tee Trop.Fruit LIPTON pür.20x1.8g
https://www.e-maxima.ee/SiteImages/Inventory/f/3/9/f392ccd2-0146-4099-9034-6bd6aa0b711a.png?v=20160209.1158
1,75 €
0,09 € / tk

Must tee ForestFruit LIPTON pür.20x1.7g
https://www.e-maxima.ee/SiteImages/Inventory/1/9/4/19481898-8b9b-4764-9dd6-30e722570333.png?v=20160209.1158
1,75 €
0,09 € / tk

Tee kingituskarp  HYLEYS, 125g
https://www.e-maxima.ee/SiteImages/Inventory/b/e/c/bec0238e-882d-4866-a1bb-5dbf99b2ca03.png?v=20160209.1158
3,39 €
27,12 € / kg

Must tee PassionRasp. LIPTON pür.20x1.6g
https://www.e-maxima.ee/SiteImages/Inventory/5/8/5/585624c7-c79d-4699-8cb9-59bfb4a945ee.png?v=20160209.1158
1,75 €
0,09 € / tk

Must tee Barb. Garden GREENFIELD 25x1,5g
https://www.e-maxima.ee/SiteImages/Inventory/4/b/e/4be439ca-4e7e-48c5-b95a-1c27d4ce5ebc.png?v=20160209.1158
1,69 €
0,07 € / tk

Must tee Lemon Spark GREENFIELD 25x1,5g
https://www.e-maxima.ee/SiteImages/Inventory/0/1/0/010cd763-21dd-47a1-94df-2edd4c520859.png?v=20160209.1158
1,79 €
0,07 € / tk

Must tee Earl Grey GREENFIELD 100g
https://www.e-maxima.ee/SiteImages/Inventory/0/2/0/020cc775-d62f-4bd5-9233-98cbbd457053.png?v=20160209.1158
1,84 €
18,40 € / kg

Must tee Earl Grey HYLEYS,100g
https://www.e-maxima.ee/SiteImages/Inventory/f/c/b/fcb613d4-bff3-458f-af7c-9065eb851091.png?v=20160209.1158
1,55 €
15,50 € / kg

Must tee Earl Grey HYLEYS,25x2g
https://www.e-maxima.ee/SiteImages/Inventory/d/8/4/d8427d4b-34e3-468e-aad6-cf4ac16d1afd.png?v=20160209.1158
1,25 €
0,05 € / tk

Must tee Leaf of Ceylon BASILUR,100g
https://www.e-maxima.ee/SiteImages/Inventory/6/5/c/65cc31cf-7ab4-4ad7-9584-17cbfe79cfab.png?v=20160209.1158
2,79 €
27,90 € / kg

Must tee mustasõstramaits.DILMAH,20x1,5g
https://www.e-maxima.ee/SiteImages/Inventory/9/b/e/9be18462-293d-4445-856c-a7273ceb5c7e.png?v=20160209.1158
1,75 €
0,09 € / tk

Must tee mustika-vanillim.DILMAH,20x1,5g
https://www.e-maxima.ee/SiteImages/Inventory/f/2/0/f20ceec4-dccd-42ec-b2da-e17a94512daf.png?v=20160209.1158
1,69 €
0,08 € / tk

Must tee karamellimaits.DILMAH,20x1,5g
https://www.e-maxima.ee/SiteImages/Inventory/2/d/3/2d3f1d39-335d-41e5-9cbb-954ca8423232.png?v=20160209.1158
1,69 €
0,08 € / tk

Must tee Earl Grey DILMAH,20x1,5g
https://www.e-maxima.ee/SiteImages/Inventory/3/a/a/3aa5f7f6-8ba2-4fca-aa21-1ccf60e9ea7b.png?v=20160209.1158
1,75 €
0,09 € / tk

Must tee sidrunimaits.DILMAH,20x1,5g
https://www.e-maxima.ee/SiteImages/Inventory/e/2/d/e2d663b4-0f60-42ea-9d90-8655a1644fd3.png?v=20160209.1158
1,75 €
0,09 € / tk

Must tee sidr.-laimimaits.DILMAH,20x1,5g
https://www.e-maxima.ee/SiteImages/Inventory/1/6/2/162afbce-1515-42fe-a5dd-76edee18dd4a.png?v=20160209.1158
1,69 €
0,08 € / tk

Must tee vaarikamaits.DILMAH,20x1,5g
https://www.e-maxima.ee/SiteImages/Inventory/7/6/9/7696c308-d607-43ba-91ed-d7126abc12a6.png?v=20160209.1158
1,69 €
0,08 € / tk

Must tee maasika maits.DILMAH 20x1.5g
https://www.e-maxima.ee/SiteImages/Inventory/0/d/f/0df85584-aadc-48b8-803b-d077e5fd3a63.png?v=20160209.1158
1,69 €
0,08 € / tk

Must tee ingveri-mee maits.DILMAH20x1.5g
https://www.e-maxima.ee/SiteImages/Inventory/9/4/3/943d5749-db61-46f9-8dc4-9120f2eaf3ee.png?v=20160209.1158
1,69 €
0,08 € / tk

Must tee virsikumaits.DILMAH,20x1,5g
https://www.e-maxima.ee/SiteImages/Inventory/1/4/c/14c5829e-d0c7-4744-b066-981aa04358ef.png?v=20160209.1158
1,69 €
0,08 € / tk

Must tee piparmündimaits.DILMAH,20x1,5g
https://www.e-maxima.ee/SiteImages/Inventory/0/a/a/0aa6e9d7-d950-4794-b997-a1215e54aedd.png?v=20160209.1158
1,69 €
0,08 € / tk

Must tee Earl Grey LIPTON,25x1.5g
https://www.e-maxima.ee/SiteImages/Inventory/6/c/a/6ca03d62-ce07-496e-9d4f-9edaae4eed0e.png?v=20160209.1158
1,39 €
0,06 € / tk

Must tee Earl Grey Lemon LIPTON,25x2g
https://www.e-maxima.ee/SiteImages/Inventory/e/2/9/e298dba9-f1ab-4e25-85fd-1e3db0e2e389.png?v=20160209.1158
1,40 €
0,06 € / tk

Must tee kirsimaits. LIPTON pür. 20x1,7g
https://www.e-maxima.ee/SiteImages/Inventory/1/a/f/1afb920a-ecb8-4dcc-b71e-114b3840f92a.png?v=20160209.1158
1,75 €
0,09 € / tk

Tee HERBA piparmündi 20x1.5g
https://www.e-maxima.ee/SiteImages/Inventory/f/a/4/fa4003af-966d-4562-96da-4772bf7107f9.png?v=20160209.1158
0,48 €
0,02 € / tk

Tee HERBA kibuvitsa 20x2g
https://www.e-maxima.ee/SiteImages/Inventory/7/6/2/7620ff97-4950-4902-bcda-181eec6f9115.png?v=20160209.1158
0,48 €
0,02 € / tk

Tee HERBA Kummel 20x1.25g
https://www.e-maxima.ee/SiteImages/Inventory/8/4/5/845354cb-21f8-416a-8e5f-03d2966d98a2.png?v=20160209.1158
0,48 €
0,02 € / tk

Taimetee Camomile GREENFIELD 25x1,5g
https://www.e-maxima.ee/SiteImages/Inventory/a/7/e/a7e59995-b946-4b8b-9a47-4cbdec0bdf9b.png?v=20160209.1158
1,98 €
0,08 € / tk

Taimetee CreamyR.GREENFIELD 25x1,5g
https://www.e-maxima.ee/SiteImages/Inventory/6/f/c/6fc2f696-4ea4-4ba6-b80a-1a58dee92d00.png?v=20160209.1158
1,89 €
0,08 € / tk

Mate tee Aguante GREENFIELD 25x1,5g
https://www.e-maxima.ee/SiteImages/Inventory/d/9/d/d9d3a4f4-2d7f-4497-a832-3a01004c276a.png?v=20160209.1158
1,89 €
0,08 € / tk

Kummelitee TEEKANNE 20x1.5g
https://www.e-maxima.ee/SiteImages/Inventory/e/3/2/e32ab826-46de-4ec9-8dbe-34f50a09ce2e.png?v=20160209.1158
2,15 €
0,11 € / tk

Piparmünditee TEEKANNE 20x2.25g
https://www.e-maxima.ee/SiteImages/Inventory/f/4/0/f4050264-1aed-4301-97fa-dfd6a29525c7.png?v=20160209.1158
2,05 €
0,10 € / tk

Rohutee Stomach Smoot. B&amp;S TEEKANNE20x2g
https://www.e-maxima.ee/SiteImages/Inventory/3/5/5/35517f27-5d33-476f-990f-271e6b27ede7.png?v=20160209.1158
2,05 €
0,10 € / tk

Valge tee MangoDelightGREENFIELD 25x1.8g
https://www.e-maxima.ee/SiteImages/Inventory/8/c/6/8c6efbdf-4f64-4af9-9349-505ce6d9eda5.png?v=20160209.1158
1,79 €
0,07 € / tk

Rohutee Roiboos Pure, 90g
https://www.e-maxima.ee/SiteImages/Inventory/1/b/b/1bbb14aa-2bf7-4716-9eef-2de6292f3863.png?v=20160209.1158
0,99 €
11,00 € / kg

Valge tee gr.õuna mait.LIPTONpür.20x1.5g
https://www.e-maxima.ee/SiteImages/Inventory/3/2/c/32c67abb-15ac-40f5-97c4-8ee740f39630.png?v=20160209.1158
1,75 €
0,09 € / tk

Valge tee vaarikamaits.LIPTONpür.20x1.5g
https://www.e-maxima.ee/SiteImages/Inventory/a/5/8/a584be8b-f8b8-43fb-85ba-6a604c4b9441.png?v=20160209.1158
1,59 €
0,08 € / tk

Tee apels.-mandar.maits.LOYDpür.20x1.7g
https://www.e-maxima.ee/SiteImages/Inventory/d/7/0/d7030f1c-1699-4887-a0bb-412ec3c12915.png?v=20160209.1158
1,56 €
0,08 € / tk

Teevalik kinkekarbisDILMAH 50x2g+30x1.5g
https://www.e-maxima.ee/SiteImages/Inventory/f/5/8/f58f5189-769a-4018-9205-4ff66b6d7a17.png?v=20160209.1158
10,99 €
0,14 € / tk

Kummelitee DILMAH 20x1.5g
https://www.e-maxima.ee/SiteImages/Inventory/5/6/1/561c4333-e66d-4f27-8af3-a776acf786a3.png?v=20160209.1158
1,69 €
0,08 € / tk

Piparmünditee DILMAH 20x1.5g
https://www.e-maxima.ee/SiteImages/Inventory/7/d/4/7d4a3669-169f-4d82-9aad-33841525357b.png?v=20160209.1158
1,69 €
0,08 € / tk

Herbal tee kibuv.-hibisk.DILMAH 20x1.5g
https://www.e-maxima.ee/SiteImages/Inventory/e/c/5/ec5eb7b8-2032-4cbe-b3c4-c1dba2188e50.png?v=20160209.1158
1,69 €
0,08 € / tk

Tee kinkekarpGREENFIELD(30sorti)120x1.8g
https://www.e-maxima.ee/SiteImages/Inventory/b/e/f/befd91a0-9a98-41b9-8fb7-f433fe8f8954.png?v=20160209.1158
9,99 €
0,08 € / tk

Taimetee piparmündiga LIPTON pür.20x1.1g
https://www.e-maxima.ee/SiteImages/Inventory/8/f/e/8feb47f1-a722-43b4-a5f2-eac01873cc1f.png?v=20160209.1158
1,75 €
0,09 € / tk

Taimetee kummeliga LIPTON pür.20x0.7g
https://www.e-maxima.ee/SiteImages/Inventory/7/6/9/769ff7eb-2be3-46e2-8ce4-e121e5280609.png?v=20160209.1158
1,75 €
0,09 € / tk

Roheline tee DILMAH lehe 100g
https://www.e-maxima.ee/SiteImages/Inventory/e/c/d/ecdf988c-f1bf-4f05-8c2a-f5ef9f853449.png?v=20160209.1158
1,75 €
17,50 € / kg

Roheline tee Orient LIPTON 150g
https://www.e-maxima.ee/SiteImages/Inventory/3/6/3/363003b8-1a54-482f-9e95-ab52cb782d27.png?v=20160209.1158
4,15 €
27,67 € / kg

Roheline tee HYLEYS suureleheline 100g
https://www.e-maxima.ee/SiteImages/Inventory/9/a/5/9a563a92-5d69-4e72-8df5-d329bff69969.png?v=20160209.1158
1,15 €
11,50 € / kg

Roheline tee HYLEYS 25x1.5g
https://www.e-maxima.ee/SiteImages/Inventory/b/e/9/be948689-7ae9-4766-9f24-0470a688a05d.png?v=20160209.1158
1,09 €
0,04 € / tk

Rohel. tee Flying Dragon GREENFIELD25x2g
https://www.e-maxima.ee/SiteImages/Inventory/6/4/6/646c70bd-fe33-47b4-a1a4-3074c4c02242.png?v=20160209.1158
1,59 €
0,06 € / tk

Roh. tee GURMAN&#39;s sidr.- ženšenniga90g
https://www.e-maxima.ee/SiteImages/Inventory/3/1/1/311e4634-bdbf-46df-a210-d13c21d2054a.png?v=20160209.1158
3,69 €
41,00 € / kg

Roh. tee Jasmine Dream GREENFIELD 25x2g
https://www.e-maxima.ee/SiteImages/Inventory/4/e/0/4e08e5a1-e122-4806-9b21-3d054d91f6cd.png?v=20160209.1158
1,69 €
0,07 € / tk

Roh.tee Melissa GREENFIELD 25x1,5g
https://www.e-maxima.ee/SiteImages/Inventory/1/2/4/124a78e3-1768-432c-8c0b-1b93cb1c78c5.png?v=20160209.1158
1,79 €
0,07 € / tk

Roh.tee Jasmine Dream GREENFIELD 100g
https://www.e-maxima.ee/SiteImages/Inventory/c/f/4/cf4de853-bfc7-45b2-a825-446aa086504b.png?v=20160209.1158
1,69 €
16,90 € / kg

Roheline tee Flying Dragon GREENF.100g
https://www.e-maxima.ee/SiteImages/Inventory/1/d/a/1daaaaff-948d-4cde-b76b-cf7b998abd9b.png?v=20160209.1158
1,79 €
17,90 € / kg

Roh.Jaap.tee Sencha GREENFIELD 25x2g
https://www.e-maxima.ee/SiteImages/Inventory/e/2/7/e276428f-f6f7-409d-83d0-474aeee0ea30.png?v=20160209.1158
1,77 €
0,07 € / tk

Roh.tee TropicalMarvel GREENFIELD 25x2g
https://www.e-maxima.ee/SiteImages/Inventory/2/8/9/289c9dbc-b53d-4b78-8ec6-6aed591f1289.png?v=20160209.1158
1,79 €
0,07 € / tk

Roh.tee MandarinOrange LIPTONpür.20x1.8g
https://www.e-maxima.ee/SiteImages/Inventory/2/b/9/2b9a7246-67e9-44bb-adad-9ebca5893042.png?v=20160209.1158
1,75 €
0,09 € / tk

Roheline tee Tsitrus LIPTON 25x1.3g
https://www.e-maxima.ee/SiteImages/Inventory/8/7/a/87a61610-8156-429b-bc9e-154d76111d50.png?v=20160209.1158
1,49 €
0,06 € / tk

Roheline tee Mint LIPTON 25x1.3g
https://www.e-maxima.ee/SiteImages/Inventory/f/1/4/f14d2cd0-427a-461c-9559-6b978a0d96b0.png?v=20160209.1158
1,55 €
0,06 € / tk

Roheline tee Classic LIPTON 25x1.3g
https://www.e-maxima.ee/SiteImages/Inventory/3/e/1/3e1b32f9-cac3-48e4-9827-3c362a0688b4.png?v=20160209.1158
1,49 €
0,06 € / tk

Rohel.tee meliss+sidr.LIPTON pür.20x1.6g
https://www.e-maxima.ee/SiteImages/Inventory/8/c/6/8c67aba2-f3af-4017-adfc-a18ba15dc61a.png?v=20160209.1158
1,64 €
0,08 € / tk

Rohel.tee jasmiinimait.LIPTONpür.20x1.7g
https://www.e-maxima.ee/SiteImages/Inventory/b/f/c/bfcc10ca-6a66-4d1d-8ea3-dfa8138e7bc7.png?v=20160209.1158
1,75 €
0,09 € / tk

Roh.tee ingveri ja sidruniga GURMANS 90g
https://www.e-maxima.ee/SiteImages/Inventory/d/8/2/d82eb3e8-6dd4-4d38-ae0c-5880d1f9f545.png?v=20160209.1158
2,79 €
31,00 € / kg

Rohel.tee piparmündiga DILMAH,20x1.5g
https://www.e-maxima.ee/SiteImages/Inventory/d/8/0/d808dad9-782f-4796-acef-12623b9fbd66.png?v=20160209.1158
1,69 €
0,08 € / tk

Rohel.tee Lemongr.&amp;Lemon DILMAH,20x1.5g
https://www.e-maxima.ee/SiteImages/Inventory/4/6/7/467b4cbe-40df-4ff1-a8b3-54373ee3deee.png?v=20160209.1158
1,49 €
0,07 € / tk

Roheline tee jasmiiniga DILMAH,20x1.5g
https://www.e-maxima.ee/SiteImages/Inventory/6/e/6/6e67f4d9-fe74-46c5-be29-721ac4f15676.png?v=20160209.1158
1,89 €
0,09 € / tk

Roheline tee Pure Green DILMAH,20x1.5g
https://www.e-maxima.ee/SiteImages/Inventory/3/7/6/37680890-ff75-4ccd-a415-0685d975163d.png?v=20160209.1158
1,69 €
0,08 € / tk

Roheline tee Sencha DILMAH 20x1.5g
https://www.e-maxima.ee/SiteImages/Inventory/e/7/9/e79060dc-72ec-40ca-84e8-cce8502663e7.png?v=20160209.1158
1,69 €
0,08 € / tk

Roh.tee sidr.-melonim.LOYD pür.20x1.7g
https://www.e-maxima.ee/SiteImages/Inventory/e/3/2/e320a08a-f13b-48f6-98c7-fe3bdf414f1d.png?v=20160209.1158
1,56 €
0,08 € / tk

Tee Milky Oolong GREENFIELD pür. 20x1.8g
https://www.e-maxima.ee/SiteImages/Inventory/3/1/f/31fab4d1-38be-4147-b562-52cd5bc743e9.png?v=20160209.1158
2,19 €
0,11 € / tk

Roheline tee Moroccan Mint BASILUR 100g
https://www.e-maxima.ee/SiteImages/Inventory/7/2/5/725484a5-f8c9-4364-a865-02c5d35fc89d.png?v=20160209.1158
3,59 €
35,90 € / kg

Roh.tee Strawb.Cupcake LIPTONpür.20x1,4g
https://www.e-maxima.ee/SiteImages/Inventory/d/8/a/d8a84ccb-91d5-488c-ac63-9003156dcaef.png?v=20160209.1158
1,75 €
0,09 € / tk

Rohel.tee sidrun.MAXIMA FAVORIT 20x1.75g
https://www.e-maxima.ee/SiteImages/Inventory/8/6/3/863c84f7-6a2f-4c0c-9766-619d01b4da14.png?v=20160209.1158
0,99 €
0,05 € / tk

Roh.tee ingveri MAXIMA FAVORIT 20x1.75g
https://www.e-maxima.ee/SiteImages/Inventory/5/2/0/52025245-4a05-40d2-bf4e-9e9b252dd0e0.png?v=20160209.1158
0,89 €
0,04 € / tk

Roh.tee vaarika&amp;granaatõuna 20x1.4g
https://www.e-maxima.ee/SiteImages/Inventory/8/3/8/8386a86d-5640-498e-9d40-53f3b67de0eb.png?v=20160209.1158
1,64 €
0,08 € / tk

Roh.tee Intense Mint LIPTON pür.20x1.6g
https://www.e-maxima.ee/SiteImages/Inventory/2/d/e/2deb7c78-854c-459f-8bfe-b8e5a4aa4bb6.png?v=20160209.1158
1,75 €
0,09 € / tk

Roh.tee Spect.Sencha LIPTON pür.20x1.8g
https://www.e-maxima.ee/SiteImages/Inventory/2/8/9/289fa3cb-f1cb-429f-85bd-7973752d0a0b.png?v=20160209.1158
1,75 €
48,61 € / kg

Roh.teeDynamicGunpowderLIPTONpür.20x1.8g
https://www.e-maxima.ee/SiteImages/Inventory/5/5/1/551a90e9-07d3-4b6e-a814-71c978a5abc5.png?v=20160209.1158
1,75 €
48,61 € / kg

Kohviuba Arabica PAULIG 1kg
https://www.e-maxima.ee/SiteImages/Inventory/e/e/3/ee33289a-b1de-4d96-aa6c-893d9370ba96.png?v=20160209.1158
9,19 €
9,19 € / kg

Oakohv Espresso Originale PAULIG,1kg
https://www.e-maxima.ee/SiteImages/Inventory/9/7/3/97347c71-9d66-41a1-bc11-6235f91da1e7.png?v=20160209.1158
11,99 €
11,99 € / kg

Kohviuba Espresso LAVAZZA 250g
https://www.e-maxima.ee/SiteImages/Inventory/f/6/6/f6647866-220c-44f6-b14b-029bc6af1b16.png?v=20160209.1158
4,76 €
19,04 € / kg

Kohvioad Qualita Rossa LAVAZZA 1kg
https://www.e-maxima.ee/SiteImages/Inventory/d/d/6/dd680abe-9e2f-4b25-8cb4-0bae0db74da2.png?v=20160209.1158
14,99 €
14,99 € / kg

Kohvioad Gran Crema LAVAZZA, 1kg
https://www.e-maxima.ee/SiteImages/Inventory/4/2/7/42735ad3-50ef-485c-87eb-98e4e3425049.png?v=20160209.1158
16,63 €
16,63 € / kg

Kohvioad Gala Caffe Crema EDUSCHO,1kg
https://www.e-maxima.ee/SiteImages/Inventory/8/4/0/84028569-2380-4cd9-9a62-5c74ae4bb543.png?v=20160209.1158
10,23 €
10,23 € / kg

Kohviuba MERRILD,1kg
https://www.e-maxima.ee/SiteImages/Inventory/5/5/7/557029be-611a-4fb7-a435-f690f0ee30f6.png?v=20160209.1158
10,71 €
10,71 € / kg

Kohviuba LAVAZZA Crema e Aroma,1kg
https://www.e-maxima.ee/SiteImages/Inventory/6/d/0/6d0d8e8e-09a5-42cd-956a-8fd955c7e36f.png?v=20160209.1158
13,48 €
13,48 € / kg

Kohvioad Prodomo DALLMAYR 500g
https://www.e-maxima.ee/SiteImages/Inventory/0/b/1/0b191fc9-6c86-4362-8797-587e0a8bd158.png?v=20160209.1158
5,99 €
11,98 € / kg

Kohvioad Classic PAULIG 1kg
https://www.e-maxima.ee/SiteImages/Inventory/b/0/e/b0ecfcb7-3034-4922-b516-8950c1a85d85.png?v=20160209.1158
10,95 €
10,95 € / kg

Kohvioad Espresso 1kg
https://www.e-maxima.ee/SiteImages/Inventory/0/2/7/027baa40-3ac2-4da2-8333-029c2d48459b.png?v=20160209.1158
5,51 €
5,51 € / kg

Kohvioad Espresso Casa SEGAFREDO 1kg
https://www.e-maxima.ee/SiteImages/Inventory/6/b/e/6be0ebc1-910c-4d71-a0b4-01e9977bbecf.png?v=20160209.1158
10,15 €
10,15 € / kg

Röstitud kohvioad Medium Roast JACOBS1kg
https://www.e-maxima.ee/SiteImages/Inventory/c/8/c/c8c009fb-a3d5-46ef-9e21-9eee97b3f3f0.png?v=20160209.1158
8,99 €
8,99 € / kg

Röstitud kohvioad Dark Roast JACOBS 1kg
https://www.e-maxima.ee/SiteImages/Inventory/f/5/f/f5f61f43-5086-4ac9-ab79-4ea4fabceefb.png?v=20160209.1158
8,99 €
8,99 € / kg

Kohvioad Espresso MERRILD, 1kg
https://www.e-maxima.ee/SiteImages/Inventory/3/9/7/397c4071-252e-401e-882f-c81ba5505883.png?v=20160209.1158
10,71 €
10,71 € / kg

Kohvioad Gourmet MONTE PERO 1kg
https://www.e-maxima.ee/SiteImages/Inventory/9/3/0/93014fdb-96a7-4e85-a6c4-abccbe386ecb.png?v=20160209.1158
8,47 €
8,47 € / kg

Kohvioad Arabica Dark PAULIG 1kg
https://www.e-maxima.ee/SiteImages/Inventory/9/b/c/9bcdd68e-ad49-46be-b80e-87b13002cdd3.png?v=20160209.1158
10,23 €
10,23 € / kg

Lahustuv teraviljakohvijook INKA 150g
https://www.e-maxima.ee/SiteImages/Inventory/a/7/1/a718fcb4-693c-4da9-bb41-78040e8c89d9.png?v=20160209.1158
0,89 €
5,93 € / kg

Jahvatatud kohv Presidentti PAULIG 500g
https://www.e-maxima.ee/SiteImages/Inventory/f/9/4/f943cfe9-328a-4bba-9820-b07c242b0730.png?v=20160209.1158
4,59 €
9,18 € / kg

Lah. kohv NESCAFE Classic 100g kl.prk.
https://www.e-maxima.ee/SiteImages/Inventory/3/2/5/325d80fa-5a99-42ce-bb75-46a291119943.png?v=20160209.1158
2,79 €
27,90 € / kg

Lahustuv kohv NESCAFE Classic 250g
https://www.e-maxima.ee/SiteImages/Inventory/0/4/2/042ad278-8993-40aa-880b-8fd0af756d7d.png?v=20160209.1158
5,99 €
23,96 € / kg

Lahustuv kohv Cronat Gold  JACOBS 100g
https://www.e-maxima.ee/SiteImages/Inventory/8/9/b/89be87c2-8281-411b-a2c5-9c146b4076e0.png?v=20160209.1158
3,29 €
32,90 € / kg

Lahustuv kohv Cronat Gold  JACOBS 200g
https://www.e-maxima.ee/SiteImages/Inventory/8/3/8/8383636f-c4dc-4c02-b099-deb51429eb09.png?v=20160209.1158
6,55 €
32,75 € / kg

Jahvatatud kohv KRÖNUNG 500g
https://www.e-maxima.ee/SiteImages/Inventory/1/5/6/156359ce-a117-4061-9923-c4dd5207ba8d.png?v=20160209.1158
5,49 €
10,98 € / kg

Lahustuv kohv Krönung JACOBS 100g
https://www.e-maxima.ee/SiteImages/Inventory/1/d/8/1d80587f-558c-4ca2-92c7-56f4d0e9e36f.png?v=20160209.1158
3,49 €
34,90 € / kg

Lahustuv kohv Aroma JACOBS 100g
https://www.e-maxima.ee/SiteImages/Inventory/d/0/c/d0c31515-dd37-4019-b635-2cd513feb641.png?v=20160209.1158
2,65 €
26,50 € / kg

Lahustuv kohv Aroma JACOBS 200g
https://www.e-maxima.ee/SiteImages/Inventory/5/a/b/5ab72fd2-294a-4cf6-bc72-08d033dce9c4.png?v=20160209.1158
4,99 €
24,95 € / kg

Jahvatatud kohv Espresso LAVAZZA 250g
https://www.e-maxima.ee/SiteImages/Inventory/4/0/d/40debe72-c9be-4573-8c20-493e22c9f1a9.png?v=20160209.1158
6,69 €
26,76 € / kg

Lahustuv kohv INSTANT COFFEE AVS 100g
https://www.e-maxima.ee/SiteImages/Inventory/4/d/b/4db36a63-232d-4dc2-a1ae-078a3e3ec265.png?v=20160209.1158
1,65 €
16,50 € / kg

Lahustuv kohv NESCAFE Gold 100g
https://www.e-maxima.ee/SiteImages/Inventory/a/a/0/aa02f73f-7dc8-445c-9c83-ca8a31537b2a.png?v=20160209.1158
4,99 €
49,90 € / kg

Jahv.kohv mas.Krönung Grand JACOBS, 100g
https://www.e-maxima.ee/SiteImages/Inventory/9/6/e/96e4a8e5-eeef-45e3-9cec-394077c218c7.png?v=20160209.1158
1,69 €
16,90 € / kg

Jahvatatud kohv Rich Aroma DAVIDOFF,250g
https://www.e-maxima.ee/SiteImages/Inventory/3/d/3/3d35e2f4-6efd-4aa7-aa1e-27d6a509cc4f.png?v=20160209.1158
7,59 €
30,36 € / kg

Jahvatatud kohv Fine Aroma DAVIDOFF,250g
https://www.e-maxima.ee/SiteImages/Inventory/a/d/f/adfc6a01-d366-4341-a4de-9e85c167b35e.png?v=20160209.1158
8,39 €
33,56 € / kg

Jahv. kohv presskannu Bodum LUXUS 500g
https://www.e-maxima.ee/SiteImages/Inventory/9/9/3/9931c086-c523-4ac2-9cb7-8418568fcf07.png?v=20160209.1158
4,59 €
9,18 € / kg

Jahvatatud kohv LUXUS 250g
https://www.e-maxima.ee/SiteImages/Inventory/1/2/0/120de526-e055-4a3b-b2ce-b8e62ae14b1e.png?v=20160209.1158
3,19 €
12,76 € / kg

Kohv LÖFBERGS LILA keskmine röst 500g
https://www.e-maxima.ee/SiteImages/Inventory/7/0/c/70c465c8-df26-4e8e-ab77-a8eeaabda43f.png?v=20160209.1158
4,25 €
8,50 € / kg

Kohv LÖFBERGS LILA presskannu 500g
https://www.e-maxima.ee/SiteImages/Inventory/6/d/8/6d8ec5cc-6c9c-47b3-862d-4ae2c860ab33.png?v=20160209.1158
4,25 €
8,50 € / kg

Jahvatatud kohv LUXUS  500g
https://www.e-maxima.ee/SiteImages/Inventory/a/0/d/a0d761b1-b52a-4da5-948d-abe9c42053ca.png?v=20160209.1158
4,59 €
9,18 € / kg

Jahvatatud kohv liköörim. GURMANS 125g
https://www.e-maxima.ee/SiteImages/Inventory/c/d/3/cd36706f-1dca-49e3-a165-21da7deb4a60.png?v=20160209.1158
3,99 €
31,92 € / kg

Jahvatatud kohv amaretto. GURMANS 125g
https://www.e-maxima.ee/SiteImages/Inventory/e/9/b/e9bcaa40-da21-4596-aff4-cafc3cb0b3f1.png?v=20160209.1158
3,99 €
31,92 € / kg

Lahustuv kohv Gold Selection TCHIBO,100g
https://www.e-maxima.ee/SiteImages/Inventory/a/e/7/ae7335bc-fef4-4b30-a6ef-da944bea5fb0.png?v=20160209.1158
3,79 €
37,90 € / kg

Lahustuv kohv NESCAFE Montego 100g
https://www.e-maxima.ee/SiteImages/Inventory/c/1/3/c13bca96-fbce-4b6b-ad0f-a1bf20b95662.png?v=20160209.1158
2,65 €
26,50 € / kg

Lahustuv kohv Krönung JACOBS 200g
https://www.e-maxima.ee/SiteImages/Inventory/4/9/e/49e0c3e2-caa2-4455-9a10-68c31fa4bac5.png?v=20160209.1158
6,85 €
34,25 € / kg

Jahvatatud kohv Classic PAULIG 500g
https://www.e-maxima.ee/SiteImages/Inventory/7/8/8/788e8261-2a12-4bb6-8d32-ae5e5959193a.png?v=20160209.1158
4,55 €
9,10 € / kg

Jahvatatud kohv Classic PAULIG, 100g
https://www.e-maxima.ee/SiteImages/Inventory/7/6/9/7695e1c6-152e-4134-91be-489a32a7a912.png?v=20160209.1158
1,25 €
12,50 € / kg

Jahv.kohv Krönung JACOBS koffeinivaba250
https://www.e-maxima.ee/SiteImages/Inventory/3/7/e/37e722c6-46ee-472d-bae9-d7a65413f843.png?v=20160209.1158
3,89 €
15,56 € / kg

Jahv. kohv French Classic PAULIG 500g
https://www.e-maxima.ee/SiteImages/Inventory/3/3/f/33ffc83b-2b3d-4210-86a0-a9ea238565c8.png?v=20160209.1158
4,55 €
9,10 € / kg

Jahv.kohv Black Gold LUXUS 500g
https://www.e-maxima.ee/SiteImages/Inventory/3/b/f/3bf01f8f-b1bb-4c63-8b3c-38ca1ca3b0db.png?v=20160209.1158
5,39 €
10,78 € / kg

Lahustuv kohv Rich Aroma DAVIDOFF,100g
https://www.e-maxima.ee/SiteImages/Inventory/4/d/7/4d7e8c6e-5fcd-499a-b1c0-2dade06c4120.png?v=20160209.1158
7,85 €
78,50 € / kg

Lahustuv kohv Fine Aroma DAVIDOFF,100g
https://www.e-maxima.ee/SiteImages/Inventory/3/6/e/36ed1a40-6f2d-4f23-8efb-8a7cb97bf9b0.png?v=20160209.1158
7,85 €
78,50 € / kg

Jahvatatud kohv Exclusive TCHIBO 500g
https://www.e-maxima.ee/SiteImages/Inventory/a/a/b/aab85549-d3b5-450f-828b-b00037cef232.png?v=20160209.1158
3,69 €
7,38 € / kg

Lahustuv kohv NESCAFE Gold 200g
https://www.e-maxima.ee/SiteImages/Inventory/0/6/1/0619a17f-9eef-4262-b88d-099aaa2d8689.png?v=20160209.1158
9,79 €
48,95 € / kg

Jahv.kohv Prodomo DALLMAYR 500g
https://www.e-maxima.ee/SiteImages/Inventory/c/e/b/cebb7945-1e6b-4d53-a32e-360eb50b6e59.png?v=20160209.1158
7,19 €
14,38 € / kg

Jahvatatud kohv Aromi Mokka MEIRA, 450g
https://www.e-maxima.ee/SiteImages/Inventory/8/6/0/8602f500-0c99-4652-b963-87383718817d.png?v=20160209.1158
3,59 €
7,98 € / kg

Jah.kohv Kulta Katriina kannu MEIRA,500g
https://www.e-maxima.ee/SiteImages/Inventory/a/4/7/a479d745-5f8a-4d2d-8605-997aca36d4cf.png?v=20160209.1158
4,79 €
9,58 € / kg

Jah.kohv Kulta Katriina MEIRA, 500g
https://www.e-maxima.ee/SiteImages/Inventory/f/7/f/f7ffc3d2-d190-4721-954a-784dab7ed771.png?v=20160209.1158
4,79 €
9,58 € / kg

Jahv.kohv President Gold PAULIG,500g
https://www.e-maxima.ee/SiteImages/Inventory/0/1/f/01f1cc52-013b-4b58-ae92-50d46d4e3c27.png?v=20160209.1158
7,09 €
14,18 € / kg

Jahvatatud kohv Club LAVAZZA 250g
https://www.e-maxima.ee/SiteImages/Inventory/c/a/0/ca0ecda0-6cc0-46f3-b04f-f8b746d9776b.png?v=20160209.1158
6,95 €
27,80 € / kg

Jahvat.kohv Kharisma LÖFBERGS LILA 500g
https://www.e-maxima.ee/SiteImages/Inventory/7/b/4/7b49a77b-dcd5-45ba-a453-e22fb234c1b9.png?v=20160209.1158
5,25 €
10,50 € / kg

Jahvatatud kohv KRÖNUNG 500g+500g
https://www.e-maxima.ee/SiteImages/Inventory/e/7/9/e7944ed5-a622-476d-8647-d5219758ce7f.png?v=20160209.1158
8,49 €
8,49 € / kg

Jahv.kohv Classic DALLMAYR,500g
https://www.e-maxima.ee/SiteImages/Inventory/f/8/7/f87d69e9-8e4b-4f57-b793-4134095d50f6.png?v=20160209.1158
3,89 €
7,78 € / kg

Kohvisegu Millicano JACOBS 95g
https://www.e-maxima.ee/SiteImages/Inventory/2/7/5/275e734f-2c14-41f9-8a0b-b1183340ec70.png?v=20160209.1158
5,95 €
62,63 € / kg

Lahustuv kohv MONTE PERO Gold 100g
https://www.e-maxima.ee/SiteImages/Inventory/6/f/e/6fe06870-227f-4b19-b6fc-f54b9c86a61a.png?v=20160209.1158
2,19 €
21,90 € / kg

Lahustuv kohv MONTE PERO Gold 200g
https://www.e-maxima.ee/SiteImages/Inventory/4/a/5/4a53e02f-8d16-4e71-afc6-60c57cba441a.png?v=20160209.1158
4,35 €
21,75 € / kg

Granul.lah.kohv MONTE PERO Classic 200g
https://www.e-maxima.ee/SiteImages/Inventory/b/d/f/bdf1b264-47a4-42ad-b093-fd1de67b3339.png?v=20160209.1158
3,59 €
17,95 € / kg

Kohv In-CupLÖFBERGS LILA keskm.röst.400g
https://www.e-maxima.ee/SiteImages/Inventory/e/f/6/ef69680a-6a39-4ddb-bbd0-363ddd7aca53.png?v=20160209.1158
4,69 €
11,73 € / kg

Jahvatatud kohv Strong MELNA 500g
https://www.e-maxima.ee/SiteImages/Inventory/2/a/7/2a74c633-7e7c-4bc7-a435-954ca674f2f8.png?v=20160209.1158
4,19 €
8,38 € / kg

Kapslid Gr.Int.DolceGusto NESCAFE 16x10g
https://www.e-maxima.ee/SiteImages/Inventory/b/6/1/b610b9f8-5d49-4fdf-88d4-aaf1ccf7139e.png?v=20160209.1158
5,15 €
32,19 € / kg

Kapslid Espresso DolceGusto NESCAFE16x8g
https://www.e-maxima.ee/SiteImages/Inventory/5/f/f/5ff320f5-9ce5-4891-a7f9-e734418d09c3.png?v=20160209.1158
5,75 €
44,92 € / kg

Kapsl.CappucinoDolceGustoNESCAFE16x12.5g
https://www.e-maxima.ee/SiteImages/Inventory/b/5/d/b5d18c3c-9da9-40e6-abc5-d2001f8f5c03.png?v=20160209.1158
5,75 €
28,75 € / kg

Kaps.LatteMacc.DolceGustoNESCAFE16x12.1g
https://www.e-maxima.ee/SiteImages/Inventory/2/3/c/23c5324c-3456-427e-ab2c-7afa41311f09.png?v=20160209.1158
5,75 €
29,64 € / kg

Kapslid Lungo DolceGusto NESCAFE 16x7g
https://www.e-maxima.ee/SiteImages/Inventory/9/c/9/9c9b1278-b0f2-49ba-ba50-5e4b91e5d284.png?v=20160209.1158
5,75 €
51,34 € / kg

Kaps.LatteMacch.Caram.DGNESCAFE16x10.55g
https://www.e-maxima.ee/SiteImages/Inventory/6/e/0/6e04c4b1-652f-4204-bd38-d6d66340b319.png?v=20160209.1158
5,75 €
34,06 € / kg

Kapslid Cupsolo Crema Latte PAULIG16x10g
https://www.e-maxima.ee/SiteImages/Inventory/a/0/7/a072de62-0b47-45e7-8b2f-4ccca857376e.png?v=20160209.1158
5,89 €
36,81 € / kg

Kohvikapslid Espresso casaSEGAFREDO10x6g
https://www.e-maxima.ee/SiteImages/Inventory/2/6/6/26685033-0649-45c2-a584-8668802c8694.png?v=20160209.1158
3,99 €
0,40 € / tk

Kapslid Cupsolo Tazza PAULIG 16x18g
https://www.e-maxima.ee/SiteImages/Inventory/5/7/3/573ddabf-4292-40c6-8973-2dfaaf8cc664.png?v=20160209.1158
5,89 €
20,45 € / kg

Kohvijook NESCAFE 2in1 10g
https://www.e-maxima.ee/SiteImages/Inventory/c/8/7/c87b655c-1b7d-43f4-8867-f480ca979c99.png?v=20160209.1158
0,19 €
19,00 € / kg

Kohvijook Latte JACOBS, 14g
https://www.e-maxima.ee/SiteImages/Inventory/0/3/c/03c44655-52ba-42c6-ad67-132629c942cd.png?v=20160209.1158
0,17 €
12,14 € / kg

Kohvijook Choco 3in1 LA FESTA, 12.5g
https://www.e-maxima.ee/SiteImages/Inventory/d/8/8/d88e2c0f-00e8-4fcf-b969-cfb1abba12e2.png?v=20160209.1158
0,18 €
14,40 € / kg

Kohvijook 3in1 Latte LA FESTA 12,5g
https://www.e-maxima.ee/SiteImages/Inventory/4/5/4/45439549-0e9a-4298-ae18-f02d22f18431.png?v=20160209.1158
0,18 €
14,40 € / kg

Kohvijook NESCAFE Classic 3in1 str., 18g
https://www.e-maxima.ee/SiteImages/Inventory/0/b/d/0bd4ecdf-6b61-4b6d-b6b4-1a47838f04a3.png?v=20160209.1158
0,19 €
10,56 € / kg

Kohvijook NESCAFE 3in1 strong 10x18g
https://www.e-maxima.ee/SiteImages/Inventory/e/c/6/ec6ba065-a7a0-44bc-b70d-ec01dc2b375d.png?v=20160209.1158
1,85 €
10,28 € / kg

Kohvijook 3in1 777 karp 15x14g
https://www.e-maxima.ee/SiteImages/Inventory/d/6/b/d6b024eb-36a9-4b05-867b-19e34b66eba0.png?v=20160209.1158
1,95 €
9,29 € / kg

Kohvijook 3in1 777 14g
https://www.e-maxima.ee/SiteImages/Inventory/4/7/a/47a10cc8-d636-4b1e-a412-db599e771f42.png?v=20160209.1158
0,13 €
9,29 € / kg

Kohvijook Strong 3in1 NESCAFE karp28x18g
https://www.e-maxima.ee/SiteImages/Inventory/6/a/0/6a0ab9db-80e0-45f7-aa68-a3508423430d.png?v=20160209.1158
4,99 €
9,90 € / kg

Kohvijook 2in1 NESCAFE karp28x10g
https://www.e-maxima.ee/SiteImages/Inventory/d/a/f/daf2c745-b73f-42db-9296-76bd1ff9354d.png?v=20160209.1158
4,99 €
17,82 € / kg

Lah.kohvijook Nescafe Classic 3in1,17.5g
https://www.e-maxima.ee/SiteImages/Inventory/5/d/b/5dbe69af-9382-4b0c-887e-189aa376ad42.png?v=20160209.1158
0,19 €
10,86 € / kg

Lah.kohvij.Nescafe Classic3in1,10x17,5g
https://www.e-maxima.ee/SiteImages/Inventory/0/b/d/0bdb3cd9-3082-436a-9e26-19e70b53b934.png?v=20160209.1158
1,85 €
10,57 € / kg

Lah.kohvij.Nescafe Classic3in1,20x17.5g
https://www.e-maxima.ee/SiteImages/Inventory/c/a/5/ca530d95-48d3-4730-9e05-fa9ab6eb7956.png?v=20160209.1158
2,45 €
7,00 € / kg

Koh.jook Classic 3in1NESCAFEkarp28x17.5g
https://www.e-maxima.ee/SiteImages/Inventory/2/e/b/2ebfa453-3416-407a-abb2-e2c2194e1fbd.png?v=20160209.1158
4,99 €
10,18 € / kg

Kohvijook JACOBS 3in1,15.2g
https://www.e-maxima.ee/SiteImages/Inventory/f/2/3/f23e3046-f144-4b23-b79b-cf4db45df32e.png?v=20160209.1158
0,17 €
11,18 € / kg

Kohvijook 3in1 JACOBS,10x15.2g
https://www.e-maxima.ee/SiteImages/Inventory/2/6/f/26feda7f-67a9-493d-a8f2-af854c120817.png?v=20160209.1158
1,25 €
8,22 € / kg

Kohvijook 3in1 JACOBS karp 20x15.2g
https://www.e-maxima.ee/SiteImages/Inventory/a/b/d/abd61d5a-b2da-4f49-b6d3-5d7dd458f447.png?v=20160209.1158
3,15 €
10,36 € / kg

Cappuccino NESCAFE 13g
https://www.e-maxima.ee/SiteImages/Inventory/f/2/0/f2095bbb-e870-44cf-a50a-38e23f96c88e.png?v=20160209.1158
0,29 €
22,31 € / kg

Cappuccino NESCAFE 10x13g karp
https://www.e-maxima.ee/SiteImages/Inventory/e/b/7/eb704969-128a-4cce-8f36-d3862c4f9c8d.png?v=20160209.1158
2,79 €
21,46 € / kg

Kohvijook 3in1 JACOBS 20x15.2g
https://www.e-maxima.ee/SiteImages/Inventory/e/8/0/e8016479-7069-4bbd-a154-73f99f0b3778.png?v=20160209.1158
3,19 €
0,16 € / tk

Lahustuv kohv Latte NESCAFE 10x15g
https://www.e-maxima.ee/SiteImages/Inventory/2/3/2/232fdc4f-ec24-47d0-94fe-6f45cdc23d09.png?v=20160209.1158
2,79 €
18,60 € / kg

Lahustuv kohv JACOBS  2in1 20x14g
https://www.e-maxima.ee/SiteImages/Inventory/f/e/6/fe68c36d-3728-4e73-91fd-14fa83a1a74c.png?v=20160209.1158
3,15 €
11,25 € / kg

Lah.kakaojoogipulber Nesquik NESTLE 400g
https://www.e-maxima.ee/SiteImages/Inventory/9/1/c/91c5c44c-5b82-493f-85b5-8bbfef0a239e.png?v=20160209.1158
2,45 €
6,13 € / kg

Lahustuv kakao Mix Fix KRUGER 400g
https://www.e-maxima.ee/SiteImages/Inventory/8/5/1/8513e168-0b8d-46f3-a720-b4ddda6ab025.png?v=20160209.1158
2,05 €
5,13 € / kg

Kakao MEIE MARK 150g
https://www.e-maxima.ee/SiteImages/Inventory/b/d/d/bdd846a7-df7e-4116-b02f-63dd0dcc5c66.png?v=20160209.1158
1,29 €
8,60 € / kg

Lah.kakaojoogipulber Nesquik NESTLE 200g
https://www.e-maxima.ee/SiteImages/Inventory/3/d/0/3d0589e0-94be-41fe-9478-2ef5ff393a34.png?v=20160209.1158
1,29 €
6,45 € / kg

Lah.kakaojoogipulber Nesquik NESTLE 600g
https://www.e-maxima.ee/SiteImages/Inventory/b/6/5/b65f2654-6517-4866-8716-f4b22620affa.png?v=20160209.1158
3,35 €
5,58 € / kg

Lahustuv kakaojook DINO 400g
https://www.e-maxima.ee/SiteImages/Inventory/9/b/2/9b2a8185-6836-479f-8d75-777ccfdadbe8.png?v=20160209.1158
1,95 €
4,88 € / kg

Energiajook BATTERY 330ml
https://www.e-maxima.ee/SiteImages/Inventory/0/7/0/0709331f-7a1a-4066-9506-9b5093c490ae.png?v=20160209.1158
0,99 €
3,00 € / l

Energiajook HUSTLER 500ml
https://www.e-maxima.ee/SiteImages/Inventory/c/6/1/c6158926-536a-4200-b1f3-ebd78b22f2d4.png?v=20160209.1158
0,69 €
1,38 € / l

Energiajook RED BULL suhkruvaba 250ml
https://www.e-maxima.ee/SiteImages/Inventory/4/c/3/4c3f2b5d-274d-4152-87cc-7b3acd00a1df.png?v=20160209.1158
1,39 €
5,56 € / l

Energiajook RED BULL 250ml
https://www.e-maxima.ee/SiteImages/Inventory/f/3/6/f360baa6-a4ab-4c78-ab23-eefbfb962291.png?v=20160209.1158
1,35 €
5,40 € / l

Energiajook RED BULL 4x250ml
https://www.e-maxima.ee/SiteImages/Inventory/2/9/5/295e439f-74e0-4187-8492-257b0885e117.png?v=20160209.1158
4,09 €
4,09 € / l

Energiajook DYNAMI :T, 500ml
https://www.e-maxima.ee/SiteImages/Inventory/0/7/3/07328d5e-a9cd-4ecc-b619-9b8ea2e4a81d.png?v=20160209.1158
0,85 €
1,70 € / l

Energiajook STARTER 500ml
https://www.e-maxima.ee/SiteImages/Inventory/8/8/9/8891c6a7-8cf5-46a8-a5a9-3d08e554dab8.png?v=20160209.1158
0,85 €
1,70 € / l

Energiajook RED BULL 355ml
https://www.e-maxima.ee/SiteImages/Inventory/d/2/c/d2c0226b-90c1-45d3-9d77-c38e3152eee8.png?v=20160209.1158
1,79 €
5,04 € / l

Energiajook BURN 500ml
https://www.e-maxima.ee/SiteImages/Inventory/9/8/b/98bf577d-79d0-48d4-97ef-76d149f713e2.png?v=20160209.1158
0,82 €
1,64 € / l

Energiajook STARTER Guarana 500ml
https://www.e-maxima.ee/SiteImages/Inventory/6/e/d/6ed295ae-a9c5-4ad7-91e9-da5f8e6391ed.png?v=20160209.1158
0,89 €
1,78 € / l

Energiajook MONSTER Energy 500ml
https://www.e-maxima.ee/SiteImages/Inventory/4/3/5/43544ffb-09d5-4a88-b64e-69805773031a.png?v=20160209.1158
1,35 €
2,70 € / l

Energiajook RED BULL 330ml, pet
https://www.e-maxima.ee/SiteImages/Inventory/8/8/d/88ddf425-ed9d-4663-9755-6125600d8d14.png?v=20160209.1158
1,79 €
5,42 € / l

Energiajook RED BULL 473ml
https://www.e-maxima.ee/SiteImages/Inventory/0/f/3/0f3d25b5-c652-499b-95f8-9c10a9699042.png?v=20160209.1158
1,99 €
4,21 € / l

Energiajook BURN Blue 500ml
https://www.e-maxima.ee/SiteImages/Inventory/d/3/e/d3e4a90a-44bf-471d-a1ed-a0e653a231a8.png?v=20160209.1158
0,82 €
1,64 € / l

Energiajook ZET 250ml
https://www.e-maxima.ee/SiteImages/Inventory/5/1/f/51f1b984-7fef-4bdd-9b0c-16e4098bf500.png?v=20160209.1158
0,42 €
1,68 € / l

Energiajook ZET 1L, PET
https://www.e-maxima.ee/SiteImages/Inventory/c/c/2/cc2e6f82-defd-494e-a62e-70c3f06d90a7.png?v=20160209.1158
1,09 €
1,09 € / l

Energiajook BURN Lemon Ice 500ml
https://www.e-maxima.ee/SiteImages/Inventory/e/c/1/ec1be6bb-12a9-473f-9983-41fccf78dce8.png?v=20160209.1158
0,82 €
1,64 € / l

Energiajook Super manki 330 ml
https://www.e-maxima.ee/SiteImages/Inventory/b/b/a/bba08911-c68b-4a40-a29b-2b465cf55ed0.png?v=20160209.1158
0,75 €
2,27 € / l

Energiajook HUSTLER Nitro 500ml
https://www.e-maxima.ee/SiteImages/Inventory/9/9/5/995dce78-b55b-44ff-9aad-c1cced20c208.png?v=20160209.1158
0,65 €
1,30 € / l

Vahujook MIKI alk.vaba,750ml
https://www.e-maxima.ee/SiteImages/Inventory/6/d/d/6dd633a1-31f0-47ea-810a-af5fc9859894.png?v=20160209.1158
2,49 €
3,32 € / l

Alk.vaba õlu WARSTEINER Fresh 330ml
https://www.e-maxima.ee/SiteImages/Inventory/c/1/5/c15809a1-fdbc-4e93-b17d-fafdb042447f.png?v=20160209.1158
0,85 €
2,58 € / l

Alkoholivaba glögg PÕLTSAMAA 1L
https://www.e-maxima.ee/SiteImages/Inventory/e/a/2/ea29b2ed-62d1-4220-8e48-d189af855dbf.png?v=20160209.1158
0,99 €
0,99 € / l

Hele õlu 0% BALTIKA alkoholi vaba 500ml
https://www.e-maxima.ee/SiteImages/Inventory/2/c/9/2c91621d-9bd1-4e81-a31b-9aef55f2b64b.png?v=20160209.1158
0,85 €
1,70 € / l

Alkoholivaba õlu BALTIKA  0 0%500ml
https://www.e-maxima.ee/SiteImages/Inventory/7/d/f/7df60156-a73a-4ac1-aa03-5fed3439bc78.png?v=20160209.1158
0,85 €
1,70 € / l

Alkoholivaba vahuvein TÖRLEY valge 750ml
https://www.e-maxima.ee/SiteImages/Inventory/e/6/f/e6f18dbc-c4db-47da-a2de-e656d098a133.png?v=20160209.1158
4,69 €
6,25 € / l

Alkoholivaba õlu CLAUSTHALER 330ml
https://www.e-maxima.ee/SiteImages/Inventory/f/7/d/f7d033e8-fd14-40c1-8cd0-62dd127e8d23.png?v=20160209.1158
0,89 €
2,70 € / l

Alkoholivaba õlu CLAUSTHALER 500ml
https://www.e-maxima.ee/SiteImages/Inventory/a/0/f/a0f95c9b-ba5b-4340-bc79-7bfece070977.png?v=20160209.1158
0,99 €
1,98 € / l

Alk.vaba õlu OETTINGER 0.5% 500ml
https://www.e-maxima.ee/SiteImages/Inventory/4/1/3/4131104c-c829-4399-be70-7267d1c1ca09.png?v=20160209.1158
0,69 €
1,38 € / l

Alk. vaba vahutav peojook lastele 750ml
https://www.e-maxima.ee/SiteImages/Inventory/8/2/2/82285c02-1c5a-4d86-ac8d-21e9921e8ab0.png?v=20160209.1158
1,69 €
2,25 € / l

Vahujook BATMAN alk.vaba,750ml
https://www.e-maxima.ee/SiteImages/Inventory/7/a/f/7af90b92-94fb-4d2e-a161-c89e821a508b.png?v=20160209.1158
2,49 €
3,32 € / l

Vahujook SCOOBY DOO alk.vaba,750ml
https://www.e-maxima.ee/SiteImages/Inventory/6/5/a/65a19a3a-7d0a-49b7-ae70-609030dc04ec.png?v=20160209.1158
2,49 €
3,32 € / l

Alk.vaba v.v SCHLOSS SOMMERAU 750ml
https://www.e-maxima.ee/SiteImages/Inventory/0/6/0/0604d347-aca6-4929-800e-d249dbfdafb3.png?v=20160209.1158
4,39 €
5,85 € / l

Alk.vaba p.v SCHLOSS SOMMERAU 750ml
https://www.e-maxima.ee/SiteImages/Inventory/e/b/5/eb514fea-d46b-4a86-a944-9a9749f5996d.png?v=20160209.1158
4,69 €
6,25 € / l

Alk.vaba r.v SCHLOSS SOMMERAU 750ml
https://www.e-maxima.ee/SiteImages/Inventory/5/b/1/5b1b20f6-71dd-4477-b5d4-a5e26bb1a2d3.png?v=20160209.1158
4,39 €
5,85 € / l

Alk.vaba v.vahuv. SCHLOSS SOMMERAU 750ml
https://www.e-maxima.ee/SiteImages/Inventory/2/0/9/209c15aa-1a75-463f-a67c-16279531d35e.png?v=20160209.1158
3,79 €
5,05 € / l

Vahujook FROZEN alk.vaba,750ml
https://www.e-maxima.ee/SiteImages/Inventory/a/a/e/aae8e29a-f313-4650-a6f8-0b54b591afdc.png?v=20160209.1158
2,49 €
3,32 € / l

Alk.vaba AURA glögg 1L
https://www.e-maxima.ee/SiteImages/Inventory/d/c/0/dc0d3bc5-9568-42a1-8174-d498b376af7e.png?v=20160209.1158
1,29 €
1,29 € / l

Spordijook FAT Burner L-karn.3000 500ml
https://www.e-maxima.ee/SiteImages/Inventory/a/5/d/a5d24e93-aa1e-450c-a79f-7e3f47690d0f.png?v=20160209.1158
1,39 €
2,78 € / l

Spordijook FAT Burner L-karn.2000 500ml
https://www.e-maxima.ee/SiteImages/Inventory/f/c/3/fc3a0e55-a6a8-4b59-a58f-a06d366b6c9d.png?v=20160209.1158
1,09 €
2,18 € / l

Jook OKF Aloe Vera Originaal 1.5L
https://www.e-maxima.ee/SiteImages/Inventory/9/d/1/9d1820ae-9c94-4944-a112-3da6ece89b32.png?v=20160209.1158
2,89 €
1,93 € / l

Aloe vera jook Dellos 1,5 L
https://www.e-maxima.ee/SiteImages/Inventory/1/b/5/1b57fb79-48f1-42d4-b039-b40eacf3e9cb.png?v=20160209.1158
1,69 €
1,13 € / l

Aloe vera jook ALEO Natural 1.5L
https://www.e-maxima.ee/SiteImages/Inventory/b/e/c/bec53bc8-80be-4c80-858b-dcf67a0b4dfd.png?v=20160209.1158
1,99 €
1,33 € / l

Aloe vera jook ALEO PREMIUM 500ml
https://www.e-maxima.ee/SiteImages/Inventory/8/3/b/83be224f-fca7-49a8-84ec-e135b7bcdb49.png?v=20160209.1158
1,04 €
2,08 € / l

Vitamiinijook VITAMIN WELL Reload 500ml
https://www.e-maxima.ee/SiteImages/Inventory/2/8/6/2869d2fc-8475-4c31-b481-531147d2bc3b.png?v=20160209.1158
1,79 €
3,58 € / l

Vitamiinijook VITAMIN WELL Care 500ml
https://www.e-maxima.ee/SiteImages/Inventory/7/1/0/710e64c4-41e6-42c0-a9ac-e1cb4124e1b2.png?v=20160209.1158
1,79 €
3,58 € / l

Vitam.jook VITAMIN WELL Everyday 500ml
https://www.e-maxima.ee/SiteImages/Inventory/e/f/4/ef4065f7-09f3-4095-a459-b55060983eff.png?v=20160209.1158
1,79 €
3,58 € / l

Vitam.jook Vitamineral Power 750ml
https://www.e-maxima.ee/SiteImages/Inventory/0/f/4/0f4c84ce-f5a7-406e-8594-1787004443d3.png?v=20160209.1158
1,09 €
1,45 € / l

Vitam.jook Vitamineral Mental 750ml
https://www.e-maxima.ee/SiteImages/Inventory/f/a/4/fa404c71-2e98-475a-84e0-ac1bdab21c08.png?v=20160209.1158
1,09 €
1,45 € / l

Jah.Sea hakkliha MK, kg
https://www.e-maxima.ee/SiteImages/Inventory/a/0/8/a08e8ca2-c614-46ef-8bcf-9f119fcbb744.png?v=20160209.1158
3,89 €
3,89 € / kg

Jah.Sea-veisehakkliha MK, kg
https://www.e-maxima.ee/SiteImages/Inventory/c/e/5/ce57d07c-388c-4f36-9f36-0c8cfe13b8a9.png?v=20160209.1158
4,99 €
4,99 € / kg

Broilerihakklihasegu, TALLEGG 300 g
https://www.e-maxima.ee/SiteImages/Inventory/6/8/5/685e6dc3-3515-49d9-8482-f084e407b9a6.png?v=20160209.1158
2,15 €
7,17 € / kg

Hakitud kalkuni kintsuliha RANNAM.,450g
https://www.e-maxima.ee/SiteImages/Inventory/5/0/0/500d3701-824d-4f4d-a29b-c50b89adfbd4.png?v=20160209.1158
2,15 €
4,78 € / kg

Kodune hakklihasegu UVIC, 500g
https://www.e-maxima.ee/SiteImages/Inventory/9/f/0/9f07cafc-e5d6-4d52-8806-2ebaa7b15d4c.png?v=20160209.1158
1,19 €
2,38 € / kg

Hakkliha sea- ja veiselihast RAKV.,400g
https://www.e-maxima.ee/SiteImages/Inventory/9/d/b/9db8de59-50dd-4f56-a7ab-c641b79d2cec.png?v=20160209.1158
1,49 €
3,73 € / kg

Veisehakkliha, kg-lett
https://www.e-maxima.ee/SiteImages/Inventory/2/8/2/282cab7a-3451-464f-9f4d-72c13ea240fa.png?v=20160209.1158
4,49 €
4,49 € / kg

Hakklihasegu br.kintsulihast, 450g
https://www.e-maxima.ee/SiteImages/Inventory/9/6/4/964cc042-5bb3-4811-9766-80878b451b19.png?v=20160209.1158
2,29 €
5,09 € / kg

Hakklihasegu broileririnnafileest 450g
https://www.e-maxima.ee/SiteImages/Inventory/5/0/a/50a08575-68b9-446d-9455-582b28001a39.png?v=20160209.1158
2,49 €
5,53 € / kg

Veisehakkliha M&amp;M,300g
https://www.e-maxima.ee/SiteImages/Inventory/a/2/b/a2b34cbc-1643-4dd4-9e3d-d2862b731d38.png?v=20160209.1158
1,95 €
6,50 € / kg

Kodune hakkliha M&amp;M, 500g
https://www.e-maxima.ee/SiteImages/Inventory/f/0/f/f0f38527-3901-40ac-9737-f308322ecdd0.png?v=20160209.1158
1,79 €
3,58 € / kg

Seahakkliha M&amp;M, 500g
https://www.e-maxima.ee/SiteImages/Inventory/e/1/6/e16ffe61-fe75-4559-a96a-b7a4d507351b.png?v=20160209.1158
1,99 €
3,98 € / kg

Sea-kaelakarbonaadi lõigud MK,kg pak.
https://www.e-maxima.ee/SiteImages/Inventory/7/a/2/7a24eb48-ea81-48de-bd24-2a61d48acd8b.png?v=20160209.1158
5,79 €
5,79 € / kg

Sea-välisfilee kamaraga MK, kg
https://www.e-maxima.ee/SiteImages/Inventory/6/3/0/630abf24-539e-48a5-a483-4483b2695f3b.png?v=20160209.1158
5,79 €
5,79 € / kg

Sea-sisefilee MK, kg pak.
https://www.e-maxima.ee/SiteImages/Inventory/1/9/0/190b5319-50d0-4322-8ade-6068fb5fb50a.png?v=20160209.1158
6,19 €
6,19 € / kg

Seapraad kondita MK, kg
https://www.e-maxima.ee/SiteImages/Inventory/b/3/1/b31b5ec9-df7d-421f-8c3e-5b60a4bc8f9b.png?v=20160209.1158
3,49 €
3,49 € / kg

Seaguljašš MK, kg pak.
https://www.e-maxima.ee/SiteImages/Inventory/d/e/8/de8d700f-667d-4487-b229-230fe2a7920d.png?v=20160209.1158
4,19 €
4,19 € / kg

Seapraad kondita MK, kg pak.
https://www.e-maxima.ee/SiteImages/Inventory/c/a/1/ca1fadc0-23aa-4b80-a081-146fad001a98.png?v=20160209.1158
3,49 €
3,49 € / kg

Sea-abaliha kondiga MK, kg
https://www.e-maxima.ee/SiteImages/Inventory/f/f/d/ffd63364-bbe3-4457-8bc1-e5cd3bed0dfd.png?v=20160209.1158
3,29 €
3,29 € / kg

Sea-välisfilee MK, kg
https://www.e-maxima.ee/SiteImages/Inventory/f/6/4/f649ba27-8b57-42af-865a-8840463df829.png?v=20160209.1158
5,59 €
5,59 € / kg

Seakaelakarbonaad MK, kg
https://www.e-maxima.ee/SiteImages/Inventory/e/6/3/e6364b2e-403f-444d-9667-62bae725daff.png?v=20160209.1158
4,99 €
4,99 € / kg

Seapraad kamaraga MK, kg
https://www.e-maxima.ee/SiteImages/Inventory/d/5/2/d522a19a-d31f-4a73-81f1-2aa883be02ff.png?v=20160209.1158
4,79 €
4,79 € / kg

Sea-kaelakarbonaad, kg
https://www.e-maxima.ee/SiteImages/Inventory/4/e/d/4ed63241-f40a-446b-82b1-d77ed321788d.png?v=20160209.1158
2,95 €
2,95 € / kg

Sea välisfilee RAKVERE,kg
https://www.e-maxima.ee/SiteImages/Inventory/9/a/7/9a7c7ad3-5360-4a59-b488-e8a79d044da6.png?v=20160209.1158
5,99 €
5,99 € / kg

Sea kaelakarbonaad RAKVERE, kg
https://www.e-maxima.ee/SiteImages/Inventory/4/2/5/4250fa89-5ca3-42d0-bca5-4768cc61ef54.png?v=20160209.1158
4,49 €
4,49 € / kg

Seapraad kondita RAKVERE, kg
https://www.e-maxima.ee/SiteImages/Inventory/4/d/1/4d1cba3a-f2fc-4fbd-adec-5a06d8b3ddac.png?v=20160209.1158
3,69 €
3,69 € / kg

Jahutatud ribiliha NÕO,kg
https://www.e-maxima.ee/SiteImages/Inventory/7/d/6/7d69eaa5-6fb8-496a-9761-c144ae0f10af.png?v=20160209.1158
4,59 €
4,59 € / kg

Veiseribi MK, kg pak.
https://www.e-maxima.ee/SiteImages/Inventory/e/2/2/e22f7061-88d0-4334-845d-e6d7c07ddb66.png?v=20160209.1158
5,99 €
5,99 € / kg

Veise-abaliha kondita MK, kg pak.
https://www.e-maxima.ee/SiteImages/Inventory/6/5/a/65a183ce-5f98-4078-bfa5-62c84004a5da.png?v=20160209.1158
7,59 €
7,59 € / kg

Veise-välisfilee MK, kg
https://www.e-maxima.ee/SiteImages/Inventory/a/2/3/a23c610d-6266-4f57-a030-c5b2a53b47d8.png?v=20160209.1158
8,99 €
8,99 € / kg

Antrekoot MK, kg
https://www.e-maxima.ee/SiteImages/Inventory/4/0/c/40c84075-4abc-4fc1-b2f6-1f677b922b59.png?v=20160209.1158
9,49 €
9,49 € / kg

Veise-abaliha kondita MK, kg
https://www.e-maxima.ee/SiteImages/Inventory/6/a/d/6adf2fb9-508f-4f8f-a768-c7961e327c51.png?v=20160209.1158
7,59 €
7,59 € / kg

Veisepraad kondita MK, kg
https://www.e-maxima.ee/SiteImages/Inventory/3/a/0/3a0d8923-9867-4a29-a423-fafa9bc83936.png?v=20160209.1158
7,99 €
7,99 € / kg

Veisesisefilee MK, kg
https://www.e-maxima.ee/SiteImages/Inventory/e/c/b/ecb7be3c-6cbd-44d3-adca-c586d6889a7b.png?v=20160209.1158
19,99 €
19,99 € / kg

Jahutatud kanafilee Tallegg, kg-lett
https://www.e-maxima.ee/SiteImages/Inventory/3/8/6/3861c232-a0c9-4668-8d79-75944ab5eb94.png?v=20160209.1158
5,99 €
5,99 € / kg

Jahutatud broiler RANNAMÕISA, kg
https://www.e-maxima.ee/SiteImages/Inventory/9/0/4/9047bb08-94b8-4fd8-a6b7-dcaacad529dd.png?v=20160209.1158
2,49 €
2,49 € / kg

Jahut. broilerikoib alusel RANNAMÕISA,kg
https://www.e-maxima.ee/SiteImages/Inventory/3/6/b/36b0c116-c930-4d56-b870-8a39db44fe5a.png?v=20160209.1158
2,29 €
2,29 € / kg

Jahut. broileritiib alusel RANNAMÕISA,kg
https://www.e-maxima.ee/SiteImages/Inventory/3/6/f/36fbd9a3-a105-4fcf-8fc9-055917f7e4f8.png?v=20160209.1158
1,99 €
1,99 € / kg

Jahutatud kalkunikintsuliha RANNAM., kg
https://www.e-maxima.ee/SiteImages/Inventory/c/9/f/c9ffb1df-6752-46dd-8b4c-768bf24cb5d8.png?v=20160209.1158
5,99 €
5,99 € / kg

Broil. kintsuliha nahata, kondita RAN,kg
https://www.e-maxima.ee/SiteImages/Inventory/8/8/c/88cb61b7-c78a-45cf-9cad-289db054f0d6.png?v=20160209.1158
5,49 €
5,49 € / kg

Jahut. broilerifilee RANNAM., kg
https://www.e-maxima.ee/SiteImages/Inventory/e/9/4/e94705a1-0d03-458a-b477-976b106308e4.png?v=20160209.1158
5,69 €
5,69 € / kg

Jahutatud broilerifilee Tallegg, kg
https://www.e-maxima.ee/SiteImages/Inventory/e/c/6/ec678f81-676f-4b76-930b-5ef4e2a04223.png?v=20160209.1158
4,69 €
4,69 € / kg

Jahutatud kanakoivad Tallegg, kg-lett
https://www.e-maxima.ee/SiteImages/Inventory/9/e/9/9e9218ba-e579-458b-b07b-a18f97ccb4e8.png?v=20160209.1158
2,49 €
2,49 € / kg

Broileririnnak (nahata) RANNAMÕISA, kg
https://www.e-maxima.ee/SiteImages/Inventory/1/9/6/1962b671-5259-4c15-84c5-d9ea0cbfe5ee.png?v=20160209.1158
4,59 €
4,59 € / kg

Jahutatud part,kg
https://www.e-maxima.ee/SiteImages/Inventory/a/e/d/aedfb8a8-0436-4251-8d15-92a5c5ed2153.png?v=20160209.1158
5,99 €
5,99 € / kg

Jahutatud pardikoib,kg
https://www.e-maxima.ee/SiteImages/Inventory/6/9/6/696b711b-eaea-4d6a-8f4c-cb1ccd4481e7.png?v=20160209.1158
6,99 €
6,99 € / kg

Jahutatud pardi rinnafilee nahaga,kg
https://www.e-maxima.ee/SiteImages/Inventory/1/4/a/14a1dbc1-e6c3-49ef-9120-0bf3daeb59f8.png?v=20160209.1158
11,49 €
11,49 € / kg

Jahutatud broilerikints RANNAMÕISA, kg
https://www.e-maxima.ee/SiteImages/Inventory/4/f/f/4ff60777-5a0f-42b4-b80f-e4dc74af6adc.png?v=20160209.1158
2,79 €
2,79 € / kg

Jahutatud br.koivatükid RANNAMÕISA,kg
https://www.e-maxima.ee/SiteImages/Inventory/0/b/9/0b93abc8-ed17-4d0b-b5da-4876349ced95.png?v=20160209.1158
3,69 €
3,69 € / kg

Jahutatud br.rinnafilee TALUPOJA, kg
https://www.e-maxima.ee/SiteImages/Inventory/2/6/9/269bd12b-0580-4712-a688-10bb3a10788e.png?v=20160209.1158
5,45 €
5,45 € / kg

Jahutatud broiler TALUPOJA, kg
https://www.e-maxima.ee/SiteImages/Inventory/e/3/9/e39dfdd0-93c1-4ee4-8d41-8ade473b1dd4.png?v=20160209.1158
1,55 €
1,55 € / kg

Jahutatud br.kintsud TALUPOJA, kg
https://www.e-maxima.ee/SiteImages/Inventory/2/c/8/2c86364a-c288-4684-ae13-e14de72e3a6b.png?v=20160209.1158
1,89 €
1,89 € / kg

Jahutatud br.poolkoivad TALUPOJA, kg
https://www.e-maxima.ee/SiteImages/Inventory/7/6/4/7644d6fc-e798-4172-997a-f1cc13e8e7ef.png?v=20160209.1158
1,89 €
1,89 € / kg

Jahutatud br.koivad TALUPOJA, kg
https://www.e-maxima.ee/SiteImages/Inventory/a/4/e/a4ef42ef-59f7-4845-ad48-db62c9647e03.png?v=20160209.1158
1,99 €
1,99 € / kg

Kalkuniliha strogonov RANNAMÕISA, 450g
https://www.e-maxima.ee/SiteImages/Inventory/f/1/f/f1f98b78-5db7-4754-8ac1-4f77d7b78f61.png?v=20160209.1158
2,45 €
5,44 € / kg

Jah.broilerifileetükid RANNAM, kg
https://www.e-maxima.ee/SiteImages/Inventory/e/f/f/effd013a-c614-451e-8f19-2d57c65502cc.png?v=20160209.1158
5,99 €
5,99 € / kg

Jah. br.filee steigid RM, kg
https://www.e-maxima.ee/SiteImages/Inventory/8/9/0/89040de4-755e-44de-8471-50b56c0a6436.png?v=20160209.1158
5,59 €
5,59 € / kg

Jah.pardikoival. nahata kondita RM,340 g
https://www.e-maxima.ee/SiteImages/Inventory/6/5/d/65df2b85-183c-422f-a6dc-c26eb225e16c.png?v=20160209.1158
3,99 €
11,74 € / kg

Jahutatud küülik, kg
https://www.e-maxima.ee/SiteImages/Inventory/b/0/6/b06f5367-d861-4739-b9c1-6e574a424cbd.png?v=20160209.1158
10,16 €
10,16 € / kg

Jah. küülikutagakoivad RM, kg
https://www.e-maxima.ee/SiteImages/Inventory/4/4/c/44c241bd-7686-41b1-87fd-12b4a10729a0.png?v=20160209.1158
10,29 €
10,29 € / kg

Jah. küülikukintsuliha RM, kg
https://www.e-maxima.ee/SiteImages/Inventory/c/a/4/ca4c3dd5-8270-4643-b706-512b53288d0d.png?v=20160209.1158
11,49 €
11,49 € / kg

Keeduvorst Juustu RAKVERE 300g
https://www.e-maxima.ee/SiteImages/Inventory/f/8/f/f8f7e80c-5768-4bde-85eb-7f9d01e29f9b.png?v=20160209.1158
1,59 €
5,30 € / kg

Keeduvorst Laste RAKVERE 300g
https://www.e-maxima.ee/SiteImages/Inventory/2/1/4/21458b23-6484-4825-bdd9-2950ca2d0de0.png?v=20160209.1158
1,19 €
3,97 € / kg

Keeduvorst Doktori RAKVERE 300g
https://www.e-maxima.ee/SiteImages/Inventory/3/e/7/3e78c5c1-d21c-4a76-bd36-f68dde81a4fc.png?v=20160209.1158
1,29 €
4,30 € / kg

Keeduvorst Laste RAKVERE 190g
https://www.e-maxima.ee/SiteImages/Inventory/6/7/4/67460e61-866f-4e38-9641-7ffb4da01aad.png?v=20160209.1158
0,89 €
4,68 € / kg

Poolsuitsuvorst Täpi NÕO 135g (viil)
https://www.e-maxima.ee/SiteImages/Inventory/8/1/4/814babec-4cbf-4783-8ad7-0e1d2c32ea4f.png?v=20160209.1158
1,49 €
11,04 € / kg

Keedusalaami Vasalli NÕO 105g
https://www.e-maxima.ee/SiteImages/Inventory/e/f/7/ef729244-667f-4e5b-8acc-06bd481b5516.png?v=20160209.1158
1,49 €
14,19 € / kg

Täissuitsuvorst Moskva WÕRO 350g
https://www.e-maxima.ee/SiteImages/Inventory/9/1/c/91c994af-75b8-43df-b8f3-ef6d58a64068.png?v=20160209.1158
2,49 €
7,11 € / kg

Poolsuitsuvorst Tõmmu WÕRO 350g
https://www.e-maxima.ee/SiteImages/Inventory/4/1/f/41f8e8bd-1227-4883-92d0-dea484269a46.png?v=20160209.1158
1,55 €
4,43 € / kg

Keeduvorst Lemmik RAN.(nat. kes) term,kg
https://www.e-maxima.ee/SiteImages/Inventory/6/3/d/63de6f52-172e-41c1-92cb-b0e59e4d97ff.png?v=20160209.1158
4,79 €
4,79 € / kg

Poolsuitsuvorst Wolli WÕRO 350g
https://www.e-maxima.ee/SiteImages/Inventory/6/f/c/6fcdb35d-2565-485f-8896-12d987ceed3f.png?v=20160209.1158
1,49 €
4,26 € / kg

Täissuitsuvorst Hirve RANNR., kg
https://www.e-maxima.ee/SiteImages/Inventory/9/6/b/96b3ba92-a66e-4d21-84d0-e5645f9afc27.png?v=20160209.1158
9,99 €
9,99 € / kg

Poolsuitsuvorst Hirve RANNR., kg
https://www.e-maxima.ee/SiteImages/Inventory/1/f/8/1f8f49de-cf9c-4260-a3f8-adb382a7fa1a.png?v=20160209.1158
5,19 €
5,19 € / kg

Poolsuituvorst Juustu RANNR., kg
https://www.e-maxima.ee/SiteImages/Inventory/2/3/4/23448467-b1cf-499e-b146-58879983bad3.png?v=20160209.1158
5,99 €
5,99 € / kg

Keedusalaami Piiskopi RANNAR., kg
https://www.e-maxima.ee/SiteImages/Inventory/c/0/3/c03a7bbe-2b79-45e2-811c-bf99022a4367.png?v=20160209.1158
6,69 €
6,69 € / kg

Keeduvorst Doktori naturaals. RANN. term
https://www.e-maxima.ee/SiteImages/Inventory/8/8/c/88c73c7f-6e6a-4d7e-8afc-6e811a75f512.png?v=20160209.1158
4,99 €
4,99 € / kg

Juustu-poolsuitsuvorst RANNAROOTSI 330g
https://www.e-maxima.ee/SiteImages/Inventory/d/3/3/d33d773e-1ce2-40d2-8815-350d51edbcf8.png?v=20160209.1158
1,99 €
6,03 € / kg

Täissuitsuvorst Mündi OSKAR 210g
https://www.e-maxima.ee/SiteImages/Inventory/e/5/a/e5a9b3e0-1200-4485-948e-69f8ecf3932a.png?v=20160209.1158
2,99 €
14,24 € / kg

Toorsalaami Tarbatu NÕO 105g (viil)
https://www.e-maxima.ee/SiteImages/Inventory/c/0/9/c0944cb5-0f07-42c3-bba1-38acf110eef5.png?v=20160209.1158
1,59 €
15,14 € / kg

Suitsutatud keeduvorst Laste VK 550g
https://www.e-maxima.ee/SiteImages/Inventory/b/5/0/b50eacd5-647c-4dd1-8974-acb89839df65.png?v=20160209.1158
2,49 €
4,53 € / kg

Suitsutatud keeduvorst Lemmik VK 550g
https://www.e-maxima.ee/SiteImages/Inventory/0/1/7/01740459-3a9c-4d24-86a2-1a502aba1daf.png?v=20160209.1158
2,39 €
4,35 € / kg

Suitsutatud juustukeeduvorst VK 550g
https://www.e-maxima.ee/SiteImages/Inventory/e/3/e/e3ee5a30-fb76-43e5-b1d9-73c3cf92ef63.png?v=20160209.1158
2,59 €
4,71 € / kg

Suitsutatud keeduvorst Doktori VK 550g
https://www.e-maxima.ee/SiteImages/Inventory/e/4/f/e4f2c1d6-0258-47d8-b7b9-b45cc1eba010.png?v=20160209.1158
2,55 €
4,64 € / kg

Poolsuitsuvorst Krakov NÕO 270g (pak)
https://www.e-maxima.ee/SiteImages/Inventory/c/a/e/cae1959c-bc9f-4340-b3ec-a2cb77a6ea7f.png?v=20160209.1158
1,35 €
5,00 € / kg

Suit.keeduvorst Kevadine SAAREMAA 600g
https://www.e-maxima.ee/SiteImages/Inventory/4/c/6/4c617679-5ff6-4d33-9201-92da542286e8.png?v=20160209.1158
3,29 €
5,48 € / kg

Keeduvorst Kevadine SAAREMAA 250g
https://www.e-maxima.ee/SiteImages/Inventory/b/0/d/b0dc5395-8361-4590-9923-ac39a9d50f36.png?v=20160209.1158
1,39 €
5,56 € / kg

Suit. keeduvorst juustuga SAAREMAA 600g
https://www.e-maxima.ee/SiteImages/Inventory/7/5/1/75167ea8-110a-438a-a97f-1b9b3bf94c47.png?v=20160209.1158
3,39 €
5,65 € / kg

Suits. keeduvorst Doktori SAAREMAA 600g
https://www.e-maxima.ee/SiteImages/Inventory/4/e/4/4e4fbac4-f0b9-4f77-b8cf-622fcfd1f383.png?v=20160209.1158
2,89 €
4,82 € / kg

Keeduvorst Laste SAAREMAA 150g viil
https://www.e-maxima.ee/SiteImages/Inventory/7/d/5/7d5bc87c-fa96-4bde-a4e9-03525ad2acdf.png?v=20160209.1158
1,09 €
7,27 € / kg

Doktorivorst RAKVERE 600g
https://www.e-maxima.ee/SiteImages/Inventory/b/2/4/b24b396e-705c-452a-b10a-9448a57ff7e6.png?v=20160209.1158
1,79 €
2,98 € / kg

Juustuvorst RAKVERE,600g
https://www.e-maxima.ee/SiteImages/Inventory/3/3/0/33079529-3a63-4838-8fbb-7cad6e807ffe.png?v=20160209.1158
2,49 €
4,15 € / kg

Lastevorst RAKVERE, 600g
https://www.e-maxima.ee/SiteImages/Inventory/9/d/d/9dd1dc2d-0c93-4d69-a9c6-efbed0fe7bc9.png?v=20160209.1158
1,97 €
3,28 € / kg

Toors. salaami Kodune BIOVELA 110g viil
https://www.e-maxima.ee/SiteImages/Inventory/2/a/2/2a2ea795-185a-4caf-bf93-9687fa470614.png?v=20160209.1158
1,19 €
10,82 € / kg

Poolsuitsuvorst Morliny, 400g
https://www.e-maxima.ee/SiteImages/Inventory/d/6/3/d6392dc3-25d9-4bdc-abe5-536625d1e278.png?v=20160209.1158
1,19 €
2,98 € / kg

Täissuitsuvorst Lossi NÕO 285g
https://www.e-maxima.ee/SiteImages/Inventory/1/f/9/1f91231c-2929-414c-83f7-1eb2bb3e46e4.png?v=20160209.1158
3,39 €
11,89 € / kg

Suitsutatud Juustuvorst NÕO, 170g
https://www.e-maxima.ee/SiteImages/Inventory/b/1/1/b1141066-f17d-4ad9-a83b-94cae5b899df.png?v=20160209.1158
1,15 €
6,76 € / kg

Täissuitsuvorst Moskva OSKAR,300g
https://www.e-maxima.ee/SiteImages/Inventory/4/b/a/4bab296f-79e7-430f-9f2b-f3bea58da9b0.png?v=20160209.1158
4,19 €
13,97 € / kg

Suit.keeduvorst Laste SAAREMAA,600g
https://www.e-maxima.ee/SiteImages/Inventory/3/3/8/338d6304-c6da-4405-912a-997fb2ec14b7.png?v=20160209.1158
2,95 €
4,92 € / kg

Poolsuitsuvorst Talu UVIC 330g
https://www.e-maxima.ee/SiteImages/Inventory/6/d/d/6dd02299-3118-458a-be41-10f9b2a0e61b.png?v=20160209.1158
1,39 €
4,21 € / kg

Keeduvorst Lemmik UVIC, kg (nat.sooles)
https://www.e-maxima.ee/SiteImages/Inventory/9/5/6/956d9a91-b3b7-4a99-8931-20ab2f5afcc2.png?v=20160209.1158
5,99 €
5,99 € / kg

Keeduvorst Doktori UVIC, kg (nat.sooles)
https://www.e-maxima.ee/SiteImages/Inventory/4/e/e/4ee153ce-c9e5-471c-96a4-b314d3e82575.png?v=20160209.1158
5,99 €
5,99 € / kg

Täissuitsuvorst Rüütli NÕO 285g
https://www.e-maxima.ee/SiteImages/Inventory/d/1/b/d1bb42e7-3a6b-4d81-8c03-773db03087ce.png?v=20160209.1158
3,35 €
11,75 € / kg

Suits.Lastevorst RANNAROOTSI 500g
https://www.e-maxima.ee/SiteImages/Inventory/9/2/6/9265b190-80c3-4bb8-a2a7-a5dbd6218ea0.png?v=20160209.1158
1,69 €
3,38 € / kg

Suits.Juustuvorst RANNAROOTSI 500g
https://www.e-maxima.ee/SiteImages/Inventory/3/8/a/38a6422c-e001-4569-9879-0896d41eadde.png?v=20160209.1158
1,69 €
3,38 € / kg

Poolsuitsuvorst Nostalgia NAKOTNE, kg
https://www.e-maxima.ee/SiteImages/Inventory/4/f/d/4fdfa195-fd99-455f-af04-b7e87dbd9313.png?v=20160209.1158
5,69 €
5,69 € / kg

Poolsuitsuvorst Maamehe NAKOTNE 300g
https://www.e-maxima.ee/SiteImages/Inventory/4/e/2/4e23eb76-27c4-4515-aa0f-3aa4d905a3b2.png?v=20160209.1158
1,59 €
5,30 € / kg

Küüslaugusalaami NAKOTNE 360g
https://www.e-maxima.ee/SiteImages/Inventory/8/9/3/893062af-d34a-41d2-8f46-62c428063e79.png?v=20160209.1158
1,99 €
5,53 € / kg

Poolsuitsuvorst Kraakovi SAAREMAA 270g
https://www.e-maxima.ee/SiteImages/Inventory/d/5/9/d59afa23-a3ee-4349-a2cd-b9649a3a4d91.png?v=20160209.1158
2,29 €
8,48 € / kg

Keedusalaami Paruni NÕO 90g
https://www.e-maxima.ee/SiteImages/Inventory/2/4/c/24c3f6f7-e2f0-4fb8-962f-37091a22fe45.png?v=20160209.1158
1,55 €
17,22 € / kg

Toorsuitsuvorst FAVORIT,200g
https://www.e-maxima.ee/SiteImages/Inventory/7/d/8/7d873255-6632-491b-b4e9-986796c743e7.png?v=20160209.1158
1,79 €
8,95 € / kg

Lastevorst RANNAROOTSI,500g
https://www.e-maxima.ee/SiteImages/Inventory/8/9/d/89d884cc-deee-4a83-a034-63894d777c2c.png?v=20160209.1158
2,29 €
4,58 € / kg

Lasteviiner RAKVERE 290g
https://www.e-maxima.ee/SiteImages/Inventory/d/2/9/d297b19f-6da7-4967-a683-a66a5cf98a79.png?v=20160209.1158
1,39 €
4,79 € / kg

Viiner RAKVERE 500g
https://www.e-maxima.ee/SiteImages/Inventory/e/d/9/ed9144ef-19f2-44c7-946c-ffca5465d05c.png?v=20160209.1158
1,84 €
3,68 € / kg

Sealihasardell RANNAROOTSI 500g MAP
https://www.e-maxima.ee/SiteImages/Inventory/f/c/8/fc87ebc4-b83f-4d04-b7de-3e1ad6a3cc3b.png?v=20160209.1158
2,09 €
4,18 € / kg

Suitsusardell RANNAROOTSI 500g MAP
https://www.e-maxima.ee/SiteImages/Inventory/a/0/6/a06cbe6f-e855-4b23-a99a-5cfb3304000d.png?v=20160209.1158
2,19 €
4,38 € / kg

Pereviiner 500g
https://www.e-maxima.ee/SiteImages/Inventory/b/2/6/b26eaf1c-3210-4411-bcbb-d09766f26e84.png?v=20160209.1158
0,99 €
1,98 € / kg

Viiner TALUPOJA 500g
https://www.e-maxima.ee/SiteImages/Inventory/e/c/f/ecff3449-e2ec-407f-83ba-35530aa43cab.png?v=20160209.1158
1,39 €
2,78 € / kg

Suitsusardell ISUKAS,500g
https://www.e-maxima.ee/SiteImages/Inventory/c/e/3/ce36e3e9-7304-43a8-bd98-ed4435a10e6d.png?v=20160209.1158
1,59 €
3,18 € / kg

Mahedad grillvorstid MAKS&amp;MOORITS vp900g
https://www.e-maxima.ee/SiteImages/Inventory/d/0/f/d0f22920-fc93-43f0-9f13-9f8abb394ce2.png?v=20160209.1158
4,39 €
4,88 € / kg

Juustuviiner Saaremaa 440g
https://www.e-maxima.ee/SiteImages/Inventory/d/d/1/dd179dd8-83b3-4471-82c6-da1d93398a2e.png?v=20160209.1158
2,89 €
6,57 € / kg

Lemmikviiner  SAAREMAA,440g
https://www.e-maxima.ee/SiteImages/Inventory/8/3/7/83734cd1-864f-47c5-9e26-caf057ba317e.png?v=20160209.1158
3,19 €
7,25 € / kg

Sardell SAAREMAA 330g
https://www.e-maxima.ee/SiteImages/Inventory/a/5/7/a57a6db1-1d53-47e6-b7c0-1f536e84a1cc.png?v=20160209.1158
2,09 €
6,33 € / kg

Viiner Jussi MAKS&amp;MOORITS,195g
https://www.e-maxima.ee/SiteImages/Inventory/9/b/5/9b5618de-c7de-43d2-857f-51319e4f105e.png?v=20160209.1158
1,25 €
6,41 € / kg

Hot Dog kanalihast RANNAMÕISA 500g
https://www.e-maxima.ee/SiteImages/Inventory/2/9/0/290170aa-2143-42e0-9272-94baf8e43983.png?v=20160209.1158
1,09 €
2,18 € / kg

Viiner TALLEGG, 500g
https://www.e-maxima.ee/SiteImages/Inventory/f/7/9/f79d9db0-c159-4416-9611-c274ca565f58.png?v=20160209.1158
1,35 €
2,70 € / kg

Viiner RAKVERE, kg
https://www.e-maxima.ee/SiteImages/Inventory/c/4/b/c4bb95a9-6f88-4526-a6ce-fc04b80ebf2f.png?v=20160209.1158
4,29 €
4,29 € / kg

Viiner PÕHJATÄHT 500g
https://www.e-maxima.ee/SiteImages/Inventory/7/d/f/7df4169d-a112-4dee-897a-a0423c7d1581.png?v=20160209.1158
0,80 €
1,60 € / kg

Grillvorst Eesti Rahwa RAKVERE 400g
https://www.e-maxima.ee/SiteImages/Inventory/a/b/a/aba2210c-779a-4514-bead-8bce6691ab6a.png?v=20160209.1158
1,94 €
4,85 € / kg

Õllepunnid juustuga ISUKAS,500g
https://www.e-maxima.ee/SiteImages/Inventory/1/5/1/151063c4-e25a-4204-9324-87fabcf566c4.png?v=20160209.1158
2,49 €
4,98 € / kg

Õhtugrill SAAREMAA termo 1kg
https://www.e-maxima.ee/SiteImages/Inventory/c/0/a/c0ae698c-a98d-4256-930a-4cb16a7f4186.png?v=20160209.1158
6,94 €
6,94 € / kg

Sardell SOODNE 500g
https://www.e-maxima.ee/SiteImages/Inventory/d/4/3/d439e5cd-bf20-4771-9545-9d99414cb921.png?v=20160209.1158
1,45 €
2,90 € / kg

Lasteviiner kalkunilih.RANNAMÕISA,280g
https://www.e-maxima.ee/SiteImages/Inventory/8/a/d/8ad26361-a13b-451a-8313-46b16833a068.png?v=20160209.1158
1,69 €
6,04 € / kg

EHE suitsusardell RANNAROOTSI,375g
https://www.e-maxima.ee/SiteImages/Inventory/c/1/d/c1dc6835-4ff5-4a9b-9235-d76e00f8d354.png?v=20160209.1158
2,49 €
6,64 € / kg

EHE viiner RANNAROOTSI,330g
https://www.e-maxima.ee/SiteImages/Inventory/b/8/5/b8599718-b75c-4ded-809e-43ef97109040.png?v=20160209.1158
2,09 €
6,33 € / kg

Täislihaviiner NÕO, 310g
https://www.e-maxima.ee/SiteImages/Inventory/7/4/7/747e6819-ed90-4faa-8b7c-24aa6190f8ef.png?v=20160209.1158
2,25 €
7,26 € / kg

Täislihaviiner suitsutatud NÕO,310g
https://www.e-maxima.ee/SiteImages/Inventory/4/a/7/4a72fba6-4ec4-4cdc-91e2-cb4950ce3a05.png?v=20160209.1158
2,69 €
8,68 € / kg

Viiner E-vaba LOSSI, 370g
https://www.e-maxima.ee/SiteImages/Inventory/6/d/5/6d5d63fd-54b1-43b6-bbdd-9774a4da80b9.png?v=20160209.1158
2,69 €
7,27 € / kg

Juustuviiner RANNAROOTSI,330g
https://www.e-maxima.ee/SiteImages/Inventory/5/f/e/5fed9c36-9416-40a9-bdb9-a54da5f0e668.png?v=20160209.1158
1,59 €
4,82 € / kg

Priske sealihasardell M&amp;M, 500g
https://www.e-maxima.ee/SiteImages/Inventory/2/3/3/2335aba9-a706-4e88-a7b2-3905322b643a.png?v=20160209.1158
2,09 €
4,18 € / kg

Jäägrivorst kalkunilihast 500g
https://www.e-maxima.ee/SiteImages/Inventory/a/4/8/a48ab463-7b13-4a70-9945-78f95cf7207b.png?v=20160209.1158
2,99 €
5,98 € / kg

Kuldne grillvorst juustuga 500g
https://www.e-maxima.ee/SiteImages/Inventory/5/f/8/5f80c0f9-55b8-4bfa-ab11-9031460a10e8.png?v=20160209.1158
2,39 €
4,78 € / kg

RANNAROOTSI viiner 400g
https://www.e-maxima.ee/SiteImages/Inventory/e/f/1/ef10b097-b528-47af-83ba-1d407444a60f.png?v=20160209.1158
1,35 €
3,38 € / kg

Lihakas suitsusardell RAKVERE 500g
https://www.e-maxima.ee/SiteImages/Inventory/f/1/3/f133be32-3d41-49df-89ce-a82ca2c51490.png?v=20160209.1158
2,79 €
5,58 € / kg

Klassikaline ahjukana, kg TALLEGG
https://www.e-maxima.ee/SiteImages/Inventory/d/4/6/d46a7458-2de9-4789-b271-fcb4cd1a9016.png?v=20160209.1158
2,99 €
2,99 € / kg

Napoleoni trummipulgad NÕO, 550g
https://www.e-maxima.ee/SiteImages/Inventory/f/3/c/f3cc12a7-8910-45d7-b047-bd2f8eb6d830.png?v=20160209.1158
2,99 €
5,44 € / kg

Klassikaline šašlõkk MAKS&amp;MOORITS,600g
https://www.e-maxima.ee/SiteImages/Inventory/8/2/c/82cb69a8-e822-45c1-adb1-d29336c6bec4.png?v=20160209.1158
2,59 €
4,32 € / kg

Grill-ribi RAKVERE, kg
https://www.e-maxima.ee/SiteImages/Inventory/3/a/2/3a2d129f-c75a-414b-9fcd-b65efc901ef6.png?v=20160209.1158
5,99 €
5,99 € / kg

Seašašlõkk maitsetaim. ja majon. MK, kg
https://www.e-maxima.ee/SiteImages/Inventory/d/1/a/d1a6d547-2774-4992-9f1c-e2bcc935fd15.png?v=20160209.1158
4,79 €
4,79 € / kg

Toor.grillvorstid lambasooles VK ,500g
https://www.e-maxima.ee/SiteImages/Inventory/7/8/a/78af30b9-2ade-4bb2-b180-39fe0c4f701d.png?v=20160209.1158
3,39 €
6,78 € / kg

Liharullid juustuga NÕO 530g
https://www.e-maxima.ee/SiteImages/Inventory/b/a/c/bac6b724-fab9-44ae-8af6-a5fa2bead6c0.png?v=20160209.1158
4,49 €
8,47 € / kg

Kalevipoja ahjupraad NÕO, 600g
https://www.e-maxima.ee/SiteImages/Inventory/0/f/a/0fa793b6-b405-4330-afa3-f51db5fbe999.png?v=20160209.1158
3,99 €
6,65 € / kg

Põssafilee koorekastmes NÕO,500g
https://www.e-maxima.ee/SiteImages/Inventory/0/3/2/03280fbf-06a4-4830-bdf9-09961c94bb0d.png?v=20160209.1158
4,49 €
8,98 € / kg

Ahjuvorst Ukraina moodi UVIC 500g
https://www.e-maxima.ee/SiteImages/Inventory/a/a/b/aabf60a4-6ade-4fdb-a23e-a8eb05b1bbc1.png?v=20160209.1158
2,99 €
5,98 € / kg

Grill-liha keefirimar. RAKVERE 500g
https://www.e-maxima.ee/SiteImages/Inventory/d/0/b/d0b8dc50-25ef-452c-b2e7-8a9a356e837e.png?v=20160209.1158
3,69 €
7,38 € / kg

Gagarini ahjuvorstid NÕO, 460g
https://www.e-maxima.ee/SiteImages/Inventory/8/f/0/8f09063a-0e0f-4e98-b449-2068552ca68b.png?v=20160209.1158
2,99 €
6,50 € / kg

Klassikaline ahjubroiler RANNAMÕISA, kg
https://www.e-maxima.ee/SiteImages/Inventory/a/e/4/ae4b3cbd-3c8e-4417-a2dc-84235ddfccc1.png?v=20160209.1158
3,39 €
3,39 € / kg

Jahut. vorstikesed LEMMIK MK, kg
https://www.e-maxima.ee/SiteImages/Inventory/5/5/6/5560e510-ce50-40b4-961c-29a26f1eb315.png?v=20160209.1158
3,29 €
3,29 € / kg

Laste toorvorstikesed RANNAROOTSI 450g
https://www.e-maxima.ee/SiteImages/Inventory/e/e/9/ee9bbf92-6635-469c-a2a3-eb8149edea94.png?v=20160209.1158
2,99 €
6,64 € / kg

EESTI RAHWA grill-liha RAKVERE, 500g
https://www.e-maxima.ee/SiteImages/Inventory/2/7/f/27fe236a-ff42-4101-b359-61b5e21ad453.png?v=20160209.1158
3,49 €
6,98 € / kg

Soolapeekon NÕO,kg
https://www.e-maxima.ee/SiteImages/Inventory/8/2/4/824c5d25-a8f1-43f7-b6fe-4a9656ee2308.png?v=20160209.1158
3,99 €
3,99 € / kg

Grill-liha mustikamarin. RAKVERE,500g
https://www.e-maxima.ee/SiteImages/Inventory/f/c/2/fc2068a4-a4d9-49be-a111-6d129a8040a2.png?v=20160209.1158
2,89 €
5,78 € / kg

Ahjukana kukeseentega Tallegg,kg
https://www.e-maxima.ee/SiteImages/Inventory/a/0/7/a077f576-ab13-4cc4-8b7d-3dd050c8aed5.png?v=20160209.1158
3,89 €
3,89 € / kg

Veisefilee jõhvikatega RAKVERE, 540g
https://www.e-maxima.ee/SiteImages/Inventory/5/1/a/51af24e3-c825-4197-a18d-6fb2f3bf6a1b.png?v=20160209.1158
6,49 €
12,02 € / kg

Kanaf. medaljonid mahedad KEKAVA, 400g
https://www.e-maxima.ee/SiteImages/Inventory/c/a/9/ca985359-5f55-487b-8bcf-26b55813f303.png?v=20160209.1158
2,69 €
6,73 € / kg

Sealihašašlõkk keefirimar. MK, kg
https://www.e-maxima.ee/SiteImages/Inventory/1/7/4/174fce0d-2124-4503-9a62-1f28a44770b2.png?v=20160209.1158
5,79 €
5,79 € / kg

Šašlõkivorst broilerilihast RANNAM, 500g
https://www.e-maxima.ee/SiteImages/Inventory/b/1/3/b13b8510-1539-46da-be67-454b635bed75.png?v=20160209.1158
2,39 €
4,78 € / kg

Broileritiiva õlaosa juustum.KEKAVA,500g
https://www.e-maxima.ee/SiteImages/Inventory/9/d/1/9d1a9cfa-7905-4b86-9334-781a5e26f203.png?v=20160209.1158
1,99 €
3,98 € / kg

Viini šnitsel seavälisfileest RR, 400 g
https://www.e-maxima.ee/SiteImages/Inventory/a/6/2/a6244969-79af-41ff-87ed-b045192d3acf.png?v=20160209.1158
3,49 €
8,73 € / kg

Paneeritud kanafil.šnitsel Tallegg, 300g
https://www.e-maxima.ee/SiteImages/Inventory/5/1/4/5140025b-c8eb-4b46-bd08-9ac994e1d5eb.png?v=20160209.1158
2,59 €
8,63 € / kg

Seakaelakarbonaad marinaadis MK, kg
https://www.e-maxima.ee/SiteImages/Inventory/3/b/3/3b3b702b-fde0-4b67-9ac4-31c5d4153559.png?v=20160209.1158
5,99 €
5,99 € / kg

Kodune ahjupraad RAKV, kg
https://www.e-maxima.ee/SiteImages/Inventory/7/e/7/7e70cfd5-6d61-4f24-a1e1-0017daaba166.png?v=20160209.1158
3,99 €
3,99 € / kg

Ahjupoolkoiv.mee ja lääts.Tallegg, 900g
https://www.e-maxima.ee/SiteImages/Inventory/8/9/c/89cf0868-2f3b-4dd5-816f-08a4868bec20.png?v=20160209.1158
4,99 €
5,54 € / kg

Jogurti-tilli br.filee Tallegg, 500g
https://www.e-maxima.ee/SiteImages/Inventory/5/7/a/57a9faac-72ff-4dc9-ad78-17cb1cbb5175.png?v=20160209.1158
3,29 €
6,58 € / kg

Jog.-tilli kana poolkoiv.Tallegg, 800g
https://www.e-maxima.ee/SiteImages/Inventory/9/8/4/984682e4-ea51-43f0-86ff-2662e3cdea4f.png?v=20160209.1158
3,69 €
4,61 € / kg

Maitsestatud part (õuntega) RM, kg
https://www.e-maxima.ee/SiteImages/Inventory/a/c/c/accbafe4-58f6-4be2-91aa-d592573b989a.png?v=20160209.1158
4,99 €
4,99 € / kg

Kooresed ahjuvorstid s.sooles UVIC, 400g
https://www.e-maxima.ee/SiteImages/Inventory/2/9/9/2995e368-4a80-47ea-bcda-e65a10e74aca.png?v=20160209.1158
2,69 €
6,73 € / kg

Br.fileešašlõkk jogurtimar.Tallegg, 1kg
https://www.e-maxima.ee/SiteImages/Inventory/8/f/b/8fbcc402-b3fe-421b-9f3d-879005b8e3b2.png?v=20160209.1158
6,29 €
6,29 € / kg

Broil.pooltiib mustika mar.RANNAM, 500g
https://www.e-maxima.ee/SiteImages/Inventory/d/9/6/d96110aa-84a3-4294-b6d5-b0e897c0f063.png?v=20160209.1158
2,59 €
5,18 € / kg

Br.poolkoiv. klassik. marin. RANNAM, kg
https://www.e-maxima.ee/SiteImages/Inventory/d/4/0/d4007b5f-b293-4854-9581-e22f5e2a409b.png?v=20160209.1158
3,29 €
3,29 € / kg

Hakk-kotletid RAKVERE, 260g
https://www.e-maxima.ee/SiteImages/Inventory/1/4/b/14be2940-3329-4e4f-818f-ab0adc2a161c.png?v=20160209.1158
1,45 €
5,58 € / kg

Hakklihapallid RAKVERE, 300g
https://www.e-maxima.ee/SiteImages/Inventory/a/4/8/a48b6054-282e-478f-a125-2a5961536d71.png?v=20160209.1158
1,75 €
5,83 € / kg

Juustu kattega ahjuliha M&amp;M, kg
https://www.e-maxima.ee/SiteImages/Inventory/5/d/f/5dfb6f6a-9254-4170-9cb9-81e0c67a476c.png?v=20160209.1158
5,99 €
5,99 € / kg

Memme ahjupraad M&amp;M, kg
https://www.e-maxima.ee/SiteImages/Inventory/9/5/3/953c54cc-f921-4f91-913a-5fee27263bc8.png?v=20160209.1158
5,29 €
5,29 € / kg

Kooreklops M&amp;M, 600 g
https://www.e-maxima.ee/SiteImages/Inventory/2/0/0/200cf60d-4eec-4038-957a-d3e590d7d488.png?v=20160209.1158
3,89 €
6,48 € / kg

Letšo ahjuvorstikesed lambas. M&amp;M,450g
https://www.e-maxima.ee/SiteImages/Inventory/8/b/0/8b05f28d-ccfa-4982-84fc-eab7e99f4f0e.png?v=20160209.1158
2,79 €
6,20 € / kg

Ampsiku ahjuvorstid NÕO, 460 g
https://www.e-maxima.ee/SiteImages/Inventory/1/8/e/18eaa6f8-576d-4d5d-8df6-342ce1e6e76a.png?v=20160209.1158
2,99 €
6,50 € / kg

Straussi šnitsel NÕO, 480 g
https://www.e-maxima.ee/SiteImages/Inventory/c/e/7/ce7a6da8-86f7-477c-9b21-eba8ca3d9905.png?v=20160209.1158
3,69 €
7,69 € / kg

Baruto steigid NÕO, 500 g
https://www.e-maxima.ee/SiteImages/Inventory/4/b/3/4b3eb6e2-19d0-481c-a9b3-9bc7369ec79c.png?v=20160209.1158
3,59 €
7,18 € / kg

Ahjurulaad RAKVERE, kg
https://www.e-maxima.ee/SiteImages/Inventory/e/b/8/eb8f8673-6132-46ac-84a8-028e2e923096.png?v=20160209.1158
4,39 €
4,39 € / kg

Ahjukael ploomidega RAKVERE, kg
https://www.e-maxima.ee/SiteImages/Inventory/5/3/2/53221e5b-9864-4a1e-bfb6-962a80b2b562.png?v=20160209.1158
5,49 €
5,49 € / kg

Dekooriga ahjupraad sea välisfil.RR,kg
https://www.e-maxima.ee/SiteImages/Inventory/5/f/0/5f03fd45-b992-4223-b553-268c199b1bb5.png?v=20160209.1158
7,99 €
7,99 € / kg

Br.pooltiiv.vürtsik. pohla mar. RM, 500g
https://www.e-maxima.ee/SiteImages/Inventory/9/c/2/9c21d4d0-7744-469f-b022-10b6782747a8.png?v=20160209.1158
2,99 €
5,98 € / kg

Toored šašl.vorstid.lambas.A-VORST,350g
https://www.e-maxima.ee/SiteImages/Inventory/6/d/a/6daed5b0-8531-4a81-beee-24082e7979c3.png?v=20160209.1158
2,89 €
8,26 € / kg

K-s peekonitükk termos, kg (Saaremaa)
https://www.e-maxima.ee/SiteImages/Inventory/d/5/2/d52ea4d1-4ff8-4fa2-8883-b0ba1ffe0e59.png?v=20160209.1158
7,89 €
7,89 € / kg

Pizzakate SAAREMAA 370g MAP
https://www.e-maxima.ee/SiteImages/Inventory/c/b/2/cb22e059-a97d-49ab-bf94-8f3b7484e729.png?v=20160209.1158
1,99 €
5,38 € / kg

Maasuitsuribiliha NÕO 135g viil.
https://www.e-maxima.ee/SiteImages/Inventory/7/9/5/795e2bba-b9ed-407e-9267-58619e67645c.png?v=20160209.1158
1,53 €
11,33 € / kg

Maamehe suitsusink NÕO, 105g
https://www.e-maxima.ee/SiteImages/Inventory/b/3/9/b39336cc-741d-47b4-a1b0-c9dd8ddbf8ff.png?v=20160209.1158
1,45 €
13,81 € / kg

Suitsutatud broiler RANNAMÕISA, kg
https://www.e-maxima.ee/SiteImages/Inventory/3/2/1/3216f6f5-3ed8-4b45-b36a-58efca0afcbc.png?v=20160209.1158
4,29 €
4,29 € / kg

Suitsutatud kalkunirinnafilee RANN. 120g
https://www.e-maxima.ee/SiteImages/Inventory/8/d/5/8d56a5aa-615a-40ea-acd6-68598fa61d74.png?v=20160209.1158
1,59 €
13,25 € / kg

Suitsut. broilerikoib RANNAMÕISA, termo
https://www.e-maxima.ee/SiteImages/Inventory/c/e/e/cee04fcc-e887-4f37-8c9a-f80d1e26db06.png?v=20160209.1158
4,39 €
4,39 € / kg

Sealihasink, kg  A-Vorst (termo)
https://www.e-maxima.ee/SiteImages/Inventory/8/7/3/873e9db4-577b-4618-bbf1-5ac27de1f119.png?v=20160209.1158
8,49 €
8,49 € / kg

Sea kaelakarb. nat.A-VORST,kg-lett
https://www.e-maxima.ee/SiteImages/Inventory/2/d/5/2d523777-0b1a-4909-a679-576878f83bbb.png?v=20160209.1158
7,59 €
7,59 € / kg

Kodune sink RANNAROOTSI, kg-lett
https://www.e-maxima.ee/SiteImages/Inventory/1/0/6/10636f5f-9ebc-4442-99a1-531fd7ce63b2.png?v=20160209.1158
7,79 €
7,79 € / kg

Suitsuseakõrvad  BIOVELA, kg
https://www.e-maxima.ee/SiteImages/Inventory/8/3/2/83235daa-86ac-4029-a115-8bfb55ec169c.png?v=20160209.1158
9,49 €
9,49 € / kg

Suitsupõsk SAAREMAA, kg
https://www.e-maxima.ee/SiteImages/Inventory/b/1/3/b1381d57-75be-491d-b3cc-aa8619e4df68.png?v=20160209.1158
4,29 €
4,29 € / kg

Kuum/s peekon küüslauguga, kg (A-vorst)
https://www.e-maxima.ee/SiteImages/Inventory/c/1/7/c1715f07-6273-4a4b-bebc-e81f6e44350d.png?v=20160209.1158
6,79 €
6,79 € / kg

Soolapekk, kg (A-Vorst)
https://www.e-maxima.ee/SiteImages/Inventory/d/9/6/d96d1185-82b8-4981-bd43-c955f4f8a47e.png?v=20160209.1158
5,79 €
5,79 € / kg

Suit.broilerikints.kondita RANNAMÕISA,kg
https://www.e-maxima.ee/SiteImages/Inventory/6/f/c/6fce4b75-b2c4-49e1-a46d-d9c7a9eac666.png?v=20160209.1158
6,69 €
6,69 € / kg

Suitsupeekon MAKS&amp;MOORITS,kg
https://www.e-maxima.ee/SiteImages/Inventory/d/a/a/daacb2c4-e6b2-4ad7-b4f7-1787380cd4e1.png?v=20160209.1158
7,69 €
7,69 € / kg

Hommikupeekon NÕO 135g
https://www.e-maxima.ee/SiteImages/Inventory/8/4/d/84dfb23d-35ad-4e96-b51d-2f5062c83f42.png?v=20160209.1158
1,37 €
10,15 € / kg

Veisesink vürtsikas NÕO 105g
https://www.e-maxima.ee/SiteImages/Inventory/4/f/9/4f9ff601-e0c8-45a1-8ad3-a1f622271692.png?v=20160209.1158
1,49 €
14,19 € / kg

Seaseljakarbonaad SAAREMAA 120g viil.
https://www.e-maxima.ee/SiteImages/Inventory/7/3/b/73ba0b85-9aab-4519-9acb-499820830f44.png?v=20160209.1158
1,59 €
13,25 € / kg

Rüütli sink viil. 120g (Saaremaa)
https://www.e-maxima.ee/SiteImages/Inventory/d/f/2/df2e2b7e-27e5-4b12-a68e-7bdf7c7df25a.png?v=20160209.1158
1,49 €
12,42 € / kg

Seakaelaliha SAAREMAA.120g viil.
https://www.e-maxima.ee/SiteImages/Inventory/a/2/f/a2f5b6e9-57e3-49d2-88e0-0d83fc648fab.png?v=20160209.1158
1,49 €
12,42 € / kg

Seareietükk viil. 120g (Saaremaa)
https://www.e-maxima.ee/SiteImages/Inventory/4/b/0/4b0e79ed-c6b3-43b5-ae53-affbb1bd38a8.png?v=20160209.1158
1,49 €
12,42 € / kg

Kuumsuitsupeekon SAAREMAA 120g viil.
https://www.e-maxima.ee/SiteImages/Inventory/7/c/e/7ce5f687-4df0-4a46-a781-f62d0c7c6007.png?v=20160209.1158
1,49 €
12,42 € / kg

Seljafilee OSKAR,105g
https://www.e-maxima.ee/SiteImages/Inventory/8/1/7/81707458-fdbb-4ff8-83e2-568bb0cb6a45.png?v=20160209.1158
1,40 €
13,33 € / kg

Röövlipraad OSKAR, kg
https://www.e-maxima.ee/SiteImages/Inventory/7/e/1/7e188e34-87b5-4115-8c0e-eaba22d823c5.png?v=20160209.1158
5,78 €
5,78 € / kg

Suitsutatud seakoot SAAREMAA,kg (term.)
https://www.e-maxima.ee/SiteImages/Inventory/4/9/f/49faf7b7-c84d-400f-9c34-fc83302b91b3.png?v=20160209.1158
4,59 €
4,59 € / kg

Kuum/s talusink SAAREMAA, kg (term.)
https://www.e-maxima.ee/SiteImages/Inventory/f/1/7/f17e3ca3-b675-4452-9f58-79277be6bf6e.png?v=20160209.1158
9,39 €
9,39 € / kg

Maamehe suitsusink NÕO, kg
https://www.e-maxima.ee/SiteImages/Inventory/f/d/d/fdd26fce-f9f5-4a8e-b394-25c10da7d1c3.png?v=20160209.1158
7,29 €
7,29 € / kg

Maasuitsuribiliha, kg-lett
https://www.e-maxima.ee/SiteImages/Inventory/2/f/b/2fb4e6d4-d58f-45b5-a09a-c0e5579fee38.png?v=20160209.1158
6,49 €
6,49 € / kg

Pitsakate NÕO 300g (gaasipakendis)
https://www.e-maxima.ee/SiteImages/Inventory/a/5/0/a50313b7-ca77-4ab8-863f-02d461b16522.png?v=20160209.1158
1,68 €
5,60 € / kg

Ungaripekk A-Vorst, kg
https://www.e-maxima.ee/SiteImages/Inventory/c/9/e/c9e84b79-17a4-4964-a7ba-ddf8344cb26d.png?v=20160209.1158
6,29 €
6,29 € / kg

Keedusink Sikassaare viil.SAAREMAA,120g
https://www.e-maxima.ee/SiteImages/Inventory/9/0/7/9077937f-abff-4918-ae37-40831920d7a3.png?v=20160209.1158
1,39 €
11,58 € / kg

Toorsuitsupeekon 170g (Elpozo)
https://www.e-maxima.ee/SiteImages/Inventory/9/3/c/93c87e42-62bd-466e-bce0-d8bb707e3709.png?v=20160209.1158
1,39 €
8,18 € / kg

Perenaisesink OSKAR,300g
https://www.e-maxima.ee/SiteImages/Inventory/9/3/2/932bd818-ac67-4e9d-b622-f0520aefb9d2.png?v=20160209.1158
1,98 €
6,60 € / kg

Maamehesink OSKAR 120g
https://www.e-maxima.ee/SiteImages/Inventory/4/a/9/4a976725-03ee-4979-85d4-aa6a1a168b57.png?v=20160209.1158
1,69 €
14,08 € / kg

Maasuitsusink vaakumpak A-VORST,kg
https://www.e-maxima.ee/SiteImages/Inventory/3/0/0/300e1e42-29f6-41f9-a02d-806f1e09815d.png?v=20160209.1158
8,49 €
8,49 € / kg

Kuums. taisink BIOVELA,kg-lett
https://www.e-maxima.ee/SiteImages/Inventory/9/a/1/9a146255-fa95-4b7e-b09e-f00c68da926a.png?v=20160209.1158
7,99 €
7,99 € / kg

Kuums.seakarree Kaimiska BIOVELA,kg-lett
https://www.e-maxima.ee/SiteImages/Inventory/7/8/0/7804b76a-25b8-4f76-bce3-b8545b22464a.png?v=20160209.1158
6,99 €
6,99 € / kg

Kuumsuitsu tagasink UVIC, kg
https://www.e-maxima.ee/SiteImages/Inventory/f/3/5/f35dd1d4-2945-4adb-949c-85af08879fe1.png?v=20160209.1158
5,59 €
5,59 € / kg

Kodusink RAKVERE,kg
https://www.e-maxima.ee/SiteImages/Inventory/d/d/2/dd299ce4-31c5-420f-8696-8ee9e86ceb20.png?v=20160209.1158
6,59 €
6,59 € / kg

Suitsutatud seakeel MAKS&amp;MOORITS kg
https://www.e-maxima.ee/SiteImages/Inventory/0/a/8/0a8ed15a-66d3-4e13-aab6-d870a81fcd23.png?v=20160209.1158
11,08 €
11,08 € / kg

Sauna sink SAAREMAA, kg
https://www.e-maxima.ee/SiteImages/Inventory/8/9/2/8925d0af-b4de-4605-981a-58d6cff54e2f.png?v=20160209.1158
9,39 €
9,39 € / kg

Rüütli sink SAAREMAA, kg
https://www.e-maxima.ee/SiteImages/Inventory/d/8/9/d8966882-ad64-4d09-9ad0-9365df66f7db.png?v=20160209.1158
9,49 €
9,49 € / kg

Keedusink Viru RAKVERE kg
https://www.e-maxima.ee/SiteImages/Inventory/4/1/0/410a26a4-1132-43c8-8900-9f8bebe50773.png?v=20160209.1158
5,20 €
5,20 € / kg

Sealiha küla moodi NAKOTNE, kg
https://www.e-maxima.ee/SiteImages/Inventory/7/6/7/767b7d37-dcdc-4fbc-a1ae-1c45d6334b91.png?v=20160209.1158
6,99 €
6,99 € / kg

Toorsuitsu seljafilee OSKAR 70g
https://www.e-maxima.ee/SiteImages/Inventory/9/d/e/9de95de9-04b6-4912-ac41-14127c4ab513.png?v=20160209.1158
1,59 €
22,71 € / kg

Toorsuitsu veisesink OSKAR 70g
https://www.e-maxima.ee/SiteImages/Inventory/1/e/5/1e52f32e-ac6e-46b0-83a9-ae3c546258d4.png?v=20160209.1158
1,99 €
28,43 € / kg

Maasink NÕO kg
https://www.e-maxima.ee/SiteImages/Inventory/6/2/6/626c0dca-b04b-48c8-adc4-0d0b037fecd0.png?v=20160209.1158
8,25 €
8,25 € / kg

Veise vürtsisink OSKAR 100g
https://www.e-maxima.ee/SiteImages/Inventory/d/6/c/d6cfb7a9-8693-44f1-aed1-e8e058264856.png?v=20160209.1158
1,49 €
14,90 € / kg

Veiserind OSKAR 100g
https://www.e-maxima.ee/SiteImages/Inventory/2/a/6/2a6d54be-8cfd-4187-b6ab-18370c1076dc.png?v=20160209.1158
1,49 €
14,90 € / kg

Vinnut. sink Jamon Serrano 100g (Elpozo)
https://www.e-maxima.ee/SiteImages/Inventory/7/3/6/736878b9-3519-4c4e-b42c-e6c72bb2d637.png?v=20160209.1158
1,99 €
19,90 € / kg

Fuetec Salaami ELPOZO, 170g
https://www.e-maxima.ee/SiteImages/Inventory/9/b/0/9b06634f-ccc8-41c1-8bc1-c8188876bbb2.png?v=20160209.1158
1,79 €
10,53 € / kg

Õllesigar RAKVERE 120g
https://www.e-maxima.ee/SiteImages/Inventory/9/8/4/98476530-173e-4335-be0a-2a5f20dc64b2.png?v=20160209.1158
0,99 €
8,25 € / kg

Õllesnäkk WÕRO 300g
https://www.e-maxima.ee/SiteImages/Inventory/a/5/a/a5a881cd-0e7a-4749-8fe4-08b5dfcf64e7.png?v=20160209.1158
1,99 €
6,63 € / kg

Vin. hal.vorst Fuet Casero 170g (Elpozo)
https://www.e-maxima.ee/SiteImages/Inventory/2/5/d/25d63770-dc98-4bb2-b4e8-c416d49d2924.png?v=20160209.1158
1,99 €
11,71 € / kg

Parmesani cigar (pakendis) NÕO 85g
https://www.e-maxima.ee/SiteImages/Inventory/a/e/d/aede6ae1-65c2-402b-a58c-f6305805a89c.png?v=20160209.1158
1,29 €
15,18 € / kg

Snack`n  Drive NÕO 85g (pakendis)
https://www.e-maxima.ee/SiteImages/Inventory/f/7/4/f7485c33-11e7-4ad4-b438-5d78217f6d93.png?v=20160209.1158
1,29 €
15,18 € / kg

Chick Snack TALLEGG 80g
https://www.e-maxima.ee/SiteImages/Inventory/d/f/c/dfcabdfd-e78e-4d56-a87a-e88ae7b9f4b1.png?v=20160209.1158
2,09 €
26,13 € / kg

Spice Power Chick Snack 80g
https://www.e-maxima.ee/SiteImages/Inventory/9/d/a/9da58766-907d-40df-b35d-1d026ec42ff6.png?v=20160209.1158
2,09 €
26,13 € / kg

Vinnutatud seakaelakarbonaad BIOVELA 90g
https://www.e-maxima.ee/SiteImages/Inventory/0/c/e/0ce4b59b-a707-4b63-b48a-c7d18550f27b.png?v=20160209.1158
2,19 €
24,33 € / kg

Vinn.vorst Chapata Kreeka pähkl.,kg
https://www.e-maxima.ee/SiteImages/Inventory/a/e/c/aec39026-0b97-494f-b991-605648161141.png?v=20160209.1158
11,99 €
11,99 € / kg

Vinnutatud vorst Hansa BIOVELA,200g
https://www.e-maxima.ee/SiteImages/Inventory/c/b/f/cbf409b2-4b61-44ec-be5e-15cfe758423c.png?v=20160209.1158
2,69 €
13,45 € / kg

Vinnutatud vorst Juubeli BIOVELA,200g
https://www.e-maxima.ee/SiteImages/Inventory/f/b/e/fbe2725b-d369-4c56-a14e-c4380e51d69d.png?v=20160209.1158
3,69 €
18,45 € / kg

Vinnutatud vorst Leedu BIOVELA,280g
https://www.e-maxima.ee/SiteImages/Inventory/9/6/c/96c8e41d-0cd1-46e6-a38e-da0207ecdf8b.png?v=20160209.1158
4,95 €
17,68 € / kg

Vinnutatud veiselihavorst BIOVELA 200g
https://www.e-maxima.ee/SiteImages/Inventory/9/7/4/974ea7d6-8c79-40f3-bf16-355f83b3b78e.png?v=20160209.1158
3,99 €
19,95 € / kg

Vinnutatud vorst Hansa seentega,200g
https://www.e-maxima.ee/SiteImages/Inventory/2/e/6/2e627c95-389c-4de1-9570-86ef2bd620ef.png?v=20160209.1158
3,99 €
19,95 € / kg

Vinnutatud kalkunivorst BIOVELA,120g
https://www.e-maxima.ee/SiteImages/Inventory/a/3/f/a3f289ad-d4eb-41ff-9542-55c96ad1d499.png?v=20160209.1158
2,79 €
23,25 € / kg

Vinnutatud vorst Fuet Nobleza,200g
https://www.e-maxima.ee/SiteImages/Inventory/b/9/d/b9d3cb40-2261-469b-8826-40ae982604f2.png?v=20160209.1158
1,49 €
7,45 € / kg

Vinnutatud sink Iberico ELPOZO,70g
https://www.e-maxima.ee/SiteImages/Inventory/f/9/d/f9d44418-c8b2-4879-a865-fb72fd7b5533.png?v=20160209.1158
3,89 €
55,57 € / kg

Beef Jerky ORIGINAL 50g
https://www.e-maxima.ee/SiteImages/Inventory/6/6/7/667f899a-1c9d-4259-9784-092d6c8097b5.png?v=20160209.1158
2,99 €
59,80 € / kg

Beef Jerky CLASSIC 50g
https://www.e-maxima.ee/SiteImages/Inventory/5/2/0/520a82ad-5da6-44c9-a3cb-23c70be03808.png?v=20160209.1158
2,99 €
59,80 € / kg

Beef Jerky TERIYAKI  50g
https://www.e-maxima.ee/SiteImages/Inventory/3/a/7/3a78afd3-7c3b-4e55-808d-3db9e7f3b3e5.png?v=20160209.1158
2,99 €
59,80 € / kg

Kuiv .veiseliha JERKY  Traditional 40g
https://www.e-maxima.ee/SiteImages/Inventory/d/4/3/d4320c41-5fcf-4e0b-90f9-76c1c33384cc.png?v=20160209.1158
2,39 €
59,75 € / kg

Kuiv. sealiha original JERKY,40g
https://www.e-maxima.ee/SiteImages/Inventory/1/1/8/1189b930-bf0c-4059-8815-2f4f8e0c522a.png?v=20160209.1158
2,39 €
59,75 € / kg

Kuivatatud vorst fuet Aroso 160g
https://www.e-maxima.ee/SiteImages/Inventory/7/4/b/74b972df-cfe5-424d-8815-5c0b22535add.png?v=20160209.1158
1,39 €
8,69 € / kg

Vinn.vorst Chorizo Sarta Fort , 225g
https://www.e-maxima.ee/SiteImages/Inventory/4/2/0/420a1457-dad4-4213-894b-f38d08711cf4.png?v=20160209.1158
1,79 €
7,96 € / kg

Chicken Chips TALLEGG 55g
https://www.e-maxima.ee/SiteImages/Inventory/5/8/7/587e40df-cf9a-4052-ad4a-579882646a88.png?v=20160209.1158
1,89 €
34,36 € / kg

Smoky Chick Snack TALLEGG 80g
https://www.e-maxima.ee/SiteImages/Inventory/2/9/a/29af241a-a252-4f86-ae23-31c95fbfd2ad.png?v=20160209.1158
2,09 €
26,13 € / kg

Cayenne Chick Snack TALLEGG 80g
https://www.e-maxima.ee/SiteImages/Inventory/6/5/5/6553d7f4-7a4e-4697-be79-5e7a11a9c24b.png?v=20160209.1158
2,09 €
26,13 € / kg

Beef jerky RAKVERE 50g
https://www.e-maxima.ee/SiteImages/Inventory/6/4/8/6485b0cc-0418-4d7a-99c1-45fc189121ad.png?v=20160209.1158
1,99 €
39,80 € / kg

Chili pork jerky RAKVERE 50g
https://www.e-maxima.ee/SiteImages/Inventory/d/a/3/da3e5ac4-fe42-4a58-9192-974c9adb047c.png?v=20160209.1158
1,65 €
33,00 € / kg

Vinn. vorstivalik TAPAS ELPOZO 120g
https://www.e-maxima.ee/SiteImages/Inventory/a/e/6/ae657aca-87f1-45e6-a009-704684727862.png?v=20160209.1158
1,89 €
15,75 € / kg

Maksapasteet RANNAROOTSI 200g
https://www.e-maxima.ee/SiteImages/Inventory/a/7/f/a7fcf621-3a48-441a-9ac3-3eb8997ed9de.png?v=20160209.1158
0,85 €
4,25 € / kg

Maksapasteet DELIKATESS,NÕO 200g karbis
https://www.e-maxima.ee/SiteImages/Inventory/1/a/a/1aa56e47-f638-4201-a7d6-f46363c32e68.png?v=20160209.1158
1,09 €
5,45 € / kg

Kodune maksapasteet NÕO 200g (karbis)
https://www.e-maxima.ee/SiteImages/Inventory/a/3/6/a3612d6a-cbb6-4ba8-8562-f01098ae8313.png?v=20160209.1158
1,19 €
5,95 € / kg

Kodune pasteet RANNAROOTSI 180g
https://www.e-maxima.ee/SiteImages/Inventory/e/d/7/ed7ff7df-6030-43c2-9b96-14617be16f5b.png?v=20160209.1158
0,89 €
4,94 € / kg

Veisemaksapasteet NÕO,200g
https://www.e-maxima.ee/SiteImages/Inventory/5/3/1/53193b6c-5b63-4120-b280-991a3ec5d6be.png?v=20160209.1158
1,09 €
5,45 € / kg

Maksarõngas RAKVERE,300g
https://www.e-maxima.ee/SiteImages/Inventory/4/0/9/40998009-d78f-4640-9200-80332aeaa617.png?v=20160209.1158
1,19 €
3,97 € / kg

Maksapasteet E-VABA UVIC,200g
https://www.e-maxima.ee/SiteImages/Inventory/7/6/b/76b238c0-f62c-44d7-93ab-df056c02c665.png?v=20160209.1158
1,09 €
5,45 € / kg

Pasteet KARNI,170g
https://www.e-maxima.ee/SiteImages/Inventory/8/4/4/8443dbe4-743e-4634-ad01-466d5b9dd54e.png?v=20160209.1158
1,19 €
7,00 € / kg

Maksapasteet LUKAS, 200g
https://www.e-maxima.ee/SiteImages/Inventory/b/3/b/b3b3658f-c037-47ad-a7ca-0ddeb04fa196.png?v=20160209.1158
1,09 €
5,45 € / kg

Veisemaksapasteet M&amp;M 170g
https://www.e-maxima.ee/SiteImages/Inventory/2/2/4/224ef073-4046-4ea2-bd48-bd4f1ed50f90.png?v=20160209.1158
0,89 €
5,24 € / kg

Pasteet Eesti võiga 170g
https://www.e-maxima.ee/SiteImages/Inventory/a/6/4/a64e488e-5502-4a7e-b1c6-d74d7c3f47bd.png?v=20160209.1158
0,95 €
5,59 € / kg

Kreemjas maksapasteet RAKVERE 300g  
https://www.e-maxima.ee/SiteImages/Inventory/c/b/c/cbc51ab6-36e5-4e7f-849f-d65307c85674.png?v=20160209.1158
1,19 €
3,97 € / kg

Küpset. maksapast. rõõs.koor.RAKVERE200g
https://www.e-maxima.ee/SiteImages/Inventory/b/e/1/be1adece-6f4f-441b-9626-e740889107ef.png?v=20160209.1158
1,95 €
9,75 € / kg

Veisemaksa pasteet Kodune SAAREMAA 150g
https://www.e-maxima.ee/SiteImages/Inventory/0/5/8/0588fc5b-7d99-4cab-9dbd-a2c30eae6d97.png?v=20160209.1158
0,89 €
5,93 € / kg

Pasteet suitsupeekoniga SAAREMAA 150g
https://www.e-maxima.ee/SiteImages/Inventory/e/7/8/e78e9407-1f47-40c3-a615-7f7014d15962.png?v=20160209.1158
0,89 €
5,93 € / kg

Sült RANNAROOTSI 330g
https://www.e-maxima.ee/SiteImages/Inventory/d/8/5/d8579574-893c-44fa-8e0e-1981ef7a1084.png?v=20160209.1158
1,39 €
4,21 € / kg

Liha tarrendis RANNAROOTSI 200g
https://www.e-maxima.ee/SiteImages/Inventory/4/2/9/4290c38a-7a45-444a-bdab-7204cabc108f.png?v=20160209.1158
1,29 €
6,45 € / kg

Rulaad NÕO 135g
https://www.e-maxima.ee/SiteImages/Inventory/0/a/b/0abcfa54-ef68-4fcf-b787-b3578266b63a.png?v=20160209.1158
1,55 €
11,48 € / kg

Kanarulaad Maamehe RANNAMÕISA, kg
https://www.e-maxima.ee/SiteImages/Inventory/3/3/c/33c8dc04-a27e-470c-bc7b-5ac80cf283ec.png?v=20160209.1158
2,99 €
2,99 € / kg

Sealihasült MAKS&amp;MOORITS 300g karp
https://www.e-maxima.ee/SiteImages/Inventory/0/3/1/031e14d1-3884-4636-a6da-9c2bba912abf.png?v=20160209.1158
1,49 €
4,97 € / kg

Rulaad RAKVERE, kg
https://www.e-maxima.ee/SiteImages/Inventory/0/9/c/09c40979-d1b7-4406-99d5-9a0ab5abad56.png?v=20160209.1158
6,76 €
6,76 € / kg

Veiserulaad viil.SAAREMAA 120g
https://www.e-maxima.ee/SiteImages/Inventory/b/8/e/b8e0e22c-6d67-4192-b364-3a9dc1a28c7e.png?v=20160209.1158
2,29 €
19,08 € / kg

Delikatess sült SAAREMAA,400g
https://www.e-maxima.ee/SiteImages/Inventory/e/b/a/eba9733e-4b9f-4937-bf18-22f094c379b8.png?v=20160209.1158
2,79 €
6,98 € / kg

Suitsutatud fileerull TALLEGG 500g
https://www.e-maxima.ee/SiteImages/Inventory/3/5/2/352b23dc-c569-4c46-95c4-000f044a0b79.png?v=20160209.1158
3,49 €
6,98 € / kg

Veiselihasült UVIC 330g
https://www.e-maxima.ee/SiteImages/Inventory/0/c/3/0c3f3f55-e445-45f7-a419-7a720ab28115.png?v=20160209.1158
1,99 €
6,03 € / kg

Sealihasült UVIC 330g
https://www.e-maxima.ee/SiteImages/Inventory/a/6/c/a6c5ec4a-8de1-4cf6-956b-148dd3c7d094.png?v=20160209.1158
1,49 €
4,52 € / kg

Kanalihasült UVIC 330g
https://www.e-maxima.ee/SiteImages/Inventory/2/c/e/2ce51a80-1749-4397-b1e8-05f5bf21167e.png?v=20160209.1158
1,33 €
4,03 € / kg

Broileriliha želees PÕHJATÄHT,370g
https://www.e-maxima.ee/SiteImages/Inventory/8/2/a/82a7c095-8d75-4a84-8e5b-124f9cad0b1f.png?v=20160209.1158
1,66 €
4,49 € / kg

Delikatess keeletarrend OSKAR 130g
https://www.e-maxima.ee/SiteImages/Inventory/b/e/1/be1315bf-06d7-43d1-a34f-fc245dbafb77.png?v=20160209.1158
0,89 €
6,85 € / kg

Klassikaline broilerirulaad TALLEGG 400g
https://www.e-maxima.ee/SiteImages/Inventory/3/6/f/36f439f8-b6e5-4a58-812a-f077fd966963.png?v=20160209.1158
3,39 €
8,48 € / kg

Broil.kintsufilee rulaad dek.RANNAM kg
https://www.e-maxima.ee/SiteImages/Inventory/c/8/4/c8411821-17c9-40e1-ba26-90bcd8397163.png?v=20160209.1158
4,89 €
4,89 € / kg

Linnulihasült SAAREMAA 300g
https://www.e-maxima.ee/SiteImages/Inventory/7/0/a/70a5ab16-cef7-4518-a232-20bf4838dfd8.png?v=20160209.1158
1,99 €
6,63 € / kg

Kuum/s kalkunikintsuliharul RANNAM.,450g
https://www.e-maxima.ee/SiteImages/Inventory/0/e/b/0ebe7bae-7b1b-409c-9235-0b2986ded97f.png?v=20160209.1158
3,19 €
7,09 € / kg

Sealihasült OSKAR,330g
https://www.e-maxima.ee/SiteImages/Inventory/7/a/b/7ab8c8ed-ca21-4bd1-95fc-3e54d0306110.png?v=20160209.1158
1,37 €
4,15 € / kg

E-vaba delikatess-sealihasült LUKAS 330g
https://www.e-maxima.ee/SiteImages/Inventory/f/3/7/f37404a1-1063-4a22-b207-1768db13aac8.png?v=20160209.1158
1,85 €
5,61 € / kg

Kananagitsad juustuga KEKAVA, 310g
https://www.e-maxima.ee/SiteImages/Inventory/5/2/1/52146ab2-8180-446c-b30e-d41f16039d6f.png?v=20160209.1158
1,79 €
5,77 € / kg

Maamehe sült 330g
https://www.e-maxima.ee/SiteImages/Inventory/6/6/2/66210966-5043-4599-93f8-d3260de44e0f.png?v=20160209.1158
1,29 €
3,91 € / kg

Keedetud veisekeel, kg
https://www.e-maxima.ee/SiteImages/Inventory/b/a/f/baf0f221-84b0-4b36-8d9d-443d097d1a58.png?v=20160209.1158
13,99 €
13,99 € / kg

Keedetud seakeel, kg
https://www.e-maxima.ee/SiteImages/Inventory/3/7/1/37150d41-dcad-4ed9-bb35-ecfaa1e28fff.png?v=20160209.1158
13,99 €
13,99 € / kg

Jahutatud broilerimaks RANNAMÕISA,kg
https://www.e-maxima.ee/SiteImages/Inventory/0/5/1/051a3c97-cbea-45a0-9599-e67362c9bfab.png?v=20160209.1158
2,15 €
2,15 € / kg

Jahutatud broileripugu RANNAMÕISA, kg
https://www.e-maxima.ee/SiteImages/Inventory/3/b/b/3bb40f25-b86e-4a11-838d-cf3ebe815c2b.png?v=20160209.1158
3,99 €
3,99 € / kg

Jahutatud broilerisüda RANNAMÕISA, kg
https://www.e-maxima.ee/SiteImages/Inventory/5/4/d/54d10a7e-82d4-42d1-b391-eaac055da166.png?v=20160209.1158
3,99 €
3,99 € / kg

Jah. seamaks RAKVERE, 600g
https://www.e-maxima.ee/SiteImages/Inventory/8/6/6/86610dd3-1727-45cc-a967-e9de3e69d919.png?v=20160209.1158
1,69 €
2,82 € / kg

Sea tagakoot RAKV, kg
https://www.e-maxima.ee/SiteImages/Inventory/b/1/5/b151abf8-692b-4895-8a74-7d2d38428b2e.png?v=20160209.1158
2,49 €
2,49 € / kg

Kanapihvid TALLEGG 320g
https://www.e-maxima.ee/SiteImages/Inventory/0/f/d/0fd9c31b-8337-44eb-ab89-aca23ec317e9.png?v=20160209.1158
1,05 €
3,28 € / kg

Juustupoiss KIKAS, 300g
https://www.e-maxima.ee/SiteImages/Inventory/5/0/1/501336b9-7114-4fc2-9465-68714ab967fc.png?v=20160209.1158
1,25 €
4,17 € / kg

Väike kotlet KIKAS 290g
https://www.e-maxima.ee/SiteImages/Inventory/c/6/8/c685d0f7-2dcc-4d5d-8b49-b4a69ef3d833.png?v=20160209.1158
1,25 €
4,31 € / kg

Kana-juustupihvid TALLEGG 320g
https://www.e-maxima.ee/SiteImages/Inventory/0/5/d/05d302e3-89a4-452a-97a1-ecb5e94cf12c.png?v=20160209.1158
1,05 €
3,28 € / kg

Kiievi kotlet KIKAS 220g
https://www.e-maxima.ee/SiteImages/Inventory/0/4/f/04f817f8-a5af-452e-bb71-6786e2b8a38e.png?v=20160209.1158
1,55 €
7,05 € / kg

Kananagitsad TALLEGG 350g
https://www.e-maxima.ee/SiteImages/Inventory/7/6/2/762e03aa-f599-4702-b0fd-9945c0e14705.png?v=20160209.1158
1,79 €
5,11 € / kg

Kanafilee hakkšnitsel TALLEGG 340g
https://www.e-maxima.ee/SiteImages/Inventory/5/6/1/561372a9-961e-4259-bc60-dc956d489ac3.png?v=20160209.1158
2,09 €
6,15 € / kg

Lihapallid toorjuustuseguga RAKVERE 360g
https://www.e-maxima.ee/SiteImages/Inventory/d/9/e/d9e54440-1707-4596-a4be-3b27be37e77e.png?v=20160209.1158
2,09 €
5,81 € / kg

Lihapallid ürdi-toorjuus.seguRAKVERE360g
https://www.e-maxima.ee/SiteImages/Inventory/b/8/0/b8071581-fdd4-4749-8dc3-e8f97d67bcaa.png?v=20160209.1158
2,29 €
6,36 € / kg

Perepihvid RAKVERE 400g
https://www.e-maxima.ee/SiteImages/Inventory/2/2/3/223e81b7-2f43-404a-8604-fad42932b334.png?v=20160209.1158
1,49 €
3,73 € / kg

Pihvid RAKVERE 430g
https://www.e-maxima.ee/SiteImages/Inventory/8/f/4/8f440331-9f67-41cc-b1fb-5906d656a2f1.png?v=20160209.1158
1,85 €
4,30 € / kg

Pihvid juustuga RAKVERE 390g
https://www.e-maxima.ee/SiteImages/Inventory/4/e/a/4ea436dd-2eab-4f8a-8874-511406cdf1b5.png?v=20160209.1158
1,99 €
5,10 € / kg

Lihapallid VALLA 1kg
https://www.e-maxima.ee/SiteImages/Inventory/0/c/d/0cd08fa4-5903-4800-b6bf-ac75389de2db.png?v=20160209.1158
2,35 €
2,35 € / kg

Kanakroketid TALLEGG 500 g
https://www.e-maxima.ee/SiteImages/Inventory/e/6/7/e6799998-380e-4f7d-b1db-8f6570a3fa61.png?v=20160209.1158
1,89 €
3,78 € / kg

Järlepa kotlet TALLEGG 480g
https://www.e-maxima.ee/SiteImages/Inventory/7/3/9/7397a59d-e858-41bc-ba76-cde3ef6d72ce.png?v=20160209.1158
1,39 €
2,90 € / kg

Kanapallid TALLEGG 500g
https://www.e-maxima.ee/SiteImages/Inventory/7/f/a/7faf0e54-35cf-4cfb-8d92-4b40e3e6aa8b.png?v=20160209.1158
1,19 €
2,38 € / kg

Kana-juustusnäkid TALLEGG 350g
https://www.e-maxima.ee/SiteImages/Inventory/f/d/3/fd31bd15-3070-4875-a2d5-a5833bfe380a.png?v=20160209.1158
2,19 €
6,26 € / kg

Lihapihvid MAKS&amp;MOORITS 400g
https://www.e-maxima.ee/SiteImages/Inventory/1/8/8/1880f881-9192-4715-9526-3c1aa23febc8.png?v=20160209.1158
1,89 €
4,73 € / kg

Lihapihvid juustuga MAKS&amp;MOORITS 400g
https://www.e-maxima.ee/SiteImages/Inventory/b/e/6/be69fa3b-9b2a-460e-8113-2ccbc5fce4f8.png?v=20160209.1158
1,89 €
4,73 € / kg

Jahutatud vikerforell, kg
https://www.e-maxima.ee/SiteImages/Inventory/0/3/2/032a61bb-0c1b-447e-8c08-1d45d5677bc7.png?v=20160209.1158
4,79 €
4,79 € / kg

Jahut. forellifilee nahaga, kg
https://www.e-maxima.ee/SiteImages/Inventory/b/3/4/b3449876-c6a3-40f7-942e-20a0430799d6.png?v=20160209.1158
8,95 €
8,95 € / kg

Sulatatud kulduim tuunikalafilee, kg
https://www.e-maxima.ee/SiteImages/Inventory/a/f/7/af7db68f-3c78-4692-b83c-8f072bd04e31.png?v=20160209.1158
29,99 €
29,99 € / kg

Jahutatud kuld-merikoger , kg
https://www.e-maxima.ee/SiteImages/Inventory/3/f/1/3f11a55c-b0c7-4620-a537-89b29b71e269.png?v=20160209.1158
9,49 €
9,49 € / kg

Jahutatud Huntahven, kg
https://www.e-maxima.ee/SiteImages/Inventory/3/e/4/3e413d04-dd28-4e0a-bb76-a941dcf2f2ac.png?v=20160209.1158
9,49 €
9,49 € / kg

Jahutatud pangasiuse fl. Nahata,kg
https://www.e-maxima.ee/SiteImages/Inventory/f/4/1/f412118d-b578-4ef4-9feb-34cc1e8a2743.png?v=20160209.1158
5,99 €
5,99 € / kg

Sulatatud kalmaari rõngad, kg
https://www.e-maxima.ee/SiteImages/Inventory/c/c/c/cccbcecf-5260-4161-af27-c95b5d3e4f7c.png?v=20160209.1158
10,99 €
10,99 € / kg

Sul. Vannamei viburhännak 70/80, kg
https://www.e-maxima.ee/SiteImages/Inventory/a/f/f/aff78b53-c583-44f8-86b8-34d794fd1991.png?v=20160209.1158
9,19 €
9,19 € / kg

Keed. Sul. Vannamei viburhännak 60/80,kg
https://www.e-maxima.ee/SiteImages/Inventory/1/f/8/1f893eb5-76c9-4cf8-b297-4f45c9f8441f.png?v=20160209.1158
9,39 €
9,39 € / kg

Keed. Sul. Vannamei viburhännak 30/40,kg
https://www.e-maxima.ee/SiteImages/Inventory/6/f/d/6fd25410-9caf-4f13-a6a5-e0ae3fbf05c5.png?v=20160209.1158
11,89 €
11,89 € / kg

Külmutatud kalapulgad ESVA, 250g
https://www.e-maxima.ee/SiteImages/Inventory/0/d/c/0dcdc07f-0071-43ad-ba32-80b1df1feaa0.png?v=20160209.1158
0,82 €
3,28 € / kg

Külmutatud paneeritud krabisõrg, 250g
https://www.e-maxima.ee/SiteImages/Inventory/1/e/4/1e427e85-09e5-44cb-94ea-16f7a986d2dc.png?v=20160209.1158
1,69 €
6,76 € / kg

Külm. kalmaarirõngad taign. EMBORG,500g
https://www.e-maxima.ee/SiteImages/Inventory/f/2/e/f2e015c0-c63a-4d24-8afc-8c98af753447.png?v=20160209.1158
3,99 €
7,98 € / kg

Külmutatud kalapulgad SILVER, ESVA 250g
https://www.e-maxima.ee/SiteImages/Inventory/a/5/3/a53ba78e-aff7-4edd-84ac-51e176f20059.png?v=20160209.1158
1,29 €
5,16 € / kg

Külm. paneeritud fileepala ESVA, 285g
https://www.e-maxima.ee/SiteImages/Inventory/b/0/e/b0ed27ba-7877-4cb7-8501-0d59a566caf0.png?v=20160209.1158
1,91 €
6,70 € / kg

Külm. Merluusifilee nahata VICI, 400g
https://www.e-maxima.ee/SiteImages/Inventory/c/f/0/cf0198ef-09ea-44c3-a782-a0b8f88c9cfa.png?v=20160209.1158
2,39 €
5,98 € / kg

Külm.kalafil.brokoli ja juust.VICI,300g
https://www.e-maxima.ee/SiteImages/Inventory/3/6/0/3604747c-45eb-43fb-b943-2cfc91eb4d19.png?v=20160209.1158
2,09 €
6,97 € / kg

Külm. kalapulgad kiles ESVA, 400g
https://www.e-maxima.ee/SiteImages/Inventory/5/b/8/5b816e86-0bcf-4203-9eb4-c279ac096b28.png?v=20160209.1158
1,65 €
4,13 € / kg

Külmutatud kalapulgad ESVA, 450g
https://www.e-maxima.ee/SiteImages/Inventory/4/b/8/4b86807c-2171-4773-9800-47f04efef79c.png?v=20160209.1158
1,69 €
3,76 € / kg

Külm. V. Ookeani Merluusifil. nahata, kg
https://www.e-maxima.ee/SiteImages/Inventory/7/7/8/778573b3-1f05-48b2-9b27-543ef0ca396d.png?v=20160209.1158
4,28 €
4,28 € / kg

Külmutatud Argentina merluus, kg
https://www.e-maxima.ee/SiteImages/Inventory/9/c/8/9c8f9d68-4a19-48fd-ac7f-13b407e23bbb.png?v=20160209.1158
4,16 €
4,16 € / kg

Külmutatud kalapulgad Columbus, 250g
https://www.e-maxima.ee/SiteImages/Inventory/b/c/6/bc64461b-7f61-4aa9-9e93-1044aac496cd.png?v=20160209.1158
0,69 €
2,76 € / kg

Külm. koorimata krevetid Subland, 325g
https://www.e-maxima.ee/SiteImages/Inventory/9/0/f/90fec6dd-11fa-42b6-971b-95986f402f7b.png?v=20160209.1158
2,95 €
9,08 € / kg

Külm.kalafilee krõbedas taign.VICI, 200g
https://www.e-maxima.ee/SiteImages/Inventory/2/b/1/2b12a820-89f0-43df-b6d8-a761ea8de7fe.png?v=20160209.1158
1,89 €
9,45 € / kg

Külm. kooritud krevetid Marine, 400g
https://www.e-maxima.ee/SiteImages/Inventory/7/2/8/7289242c-f840-4279-a037-a8198fa0f575.png?v=20160209.1158
10,19 €
25,48 € / kg

Külmutatud mintaifilee nahata 560g
https://www.e-maxima.ee/SiteImages/Inventory/9/7/a/97a2ec0d-8701-4d60-8511-55c01fdaf2e1.png?v=20160209.1158
3,19 €
5,70 € / kg

Külmutatud räim peaga, 500g
https://www.e-maxima.ee/SiteImages/Inventory/f/a/5/fa59a639-95be-4e2d-8310-081ab61f7c95.png?v=20160209.1158
1,29 €
2,58 € / kg

Külm. paneeritud hakitud kalafilee, 800g
https://www.e-maxima.ee/SiteImages/Inventory/5/3/c/53cf7e5b-8f46-4456-90d2-4d03cbb084af.png?v=20160209.1158
3,89 €
4,86 € / kg

Külm. koor-ta krevetid 70/90,400g Marine
https://www.e-maxima.ee/SiteImages/Inventory/3/2/1/3212c798-3398-48be-b3e2-bab174dfeee7.png?v=20160209.1158
4,19 €
10,48 € / kg

Külmutatud lõhefileeportsioonid 250g
https://www.e-maxima.ee/SiteImages/Inventory/a/6/7/a67ddf06-5b14-413d-99a4-339c00d17197.png?v=20160209.1158
3,45 €
13,80 € / kg

Külm. kalapulgad Smart Choice 250g, VICI
https://www.e-maxima.ee/SiteImages/Inventory/8/d/c/8dc3ef04-1595-4f14-9371-523080555261.png?v=20160209.1158
0,43 €
1,72 € / kg

Külmutatud Argentiina merluus, 800g
https://www.e-maxima.ee/SiteImages/Inventory/1/d/b/1dba8909-8f44-44fd-9375-e19aed18724e.png?v=20160209.1158
3,69 €
4,61 € / kg

Külm. lõhe hakkliha (vaak) 500g
https://www.e-maxima.ee/SiteImages/Inventory/e/1/1/e11e7171-6b13-4e6a-b1b4-873fe5442ae0.png?v=20160209.1158
1,44 €
2,88 € / kg

Vinnutatud särg vaak. ERILINE, kg
https://www.e-maxima.ee/SiteImages/Inventory/5/b/1/5b1314d5-0c37-4e5f-82c6-68388ad9b474.png?v=20160209.1158
7,29 €
7,29 € / kg

Kalmaar kuivatatud,lõigatud, 36g
https://www.e-maxima.ee/SiteImages/Inventory/0/9/7/0974afb4-dc40-48ac-924c-44b8dbee1f43.png?v=20160209.1158
1,05 €
29,17 € / kg

Stauriid kuivatatud, 36g
https://www.e-maxima.ee/SiteImages/Inventory/8/7/f/87f25169-e995-4387-830b-b4aa2a60e509.png?v=20160209.1158
1,09 €
30,28 € / kg

Meritint kuivatatud, 36g
https://www.e-maxima.ee/SiteImages/Inventory/c/8/6/c86ced35-0161-4d5e-994b-abd2f6cc0932.png?v=20160209.1158
1,05 €
29,17 € / kg

Tursk kuivatatud, 36g
https://www.e-maxima.ee/SiteImages/Inventory/1/0/6/10675c2a-ae36-41ad-bb9b-4d6055d56153.png?v=20160209.1158
1,15 €
31,94 € / kg

Kuivat. ja suits. tursafileelõigud.,36g
https://www.e-maxima.ee/SiteImages/Inventory/7/1/3/71319736-b19e-487c-8c00-1e12028b8c95.png?v=20160209.1158
1,29 €
35,83 € / kg

Stauriid suitsumaitseline, 36g
https://www.e-maxima.ee/SiteImages/Inventory/6/c/c/6cc1954f-e11d-4ac1-a8a0-5a8918b3b5c6.png?v=20160209.1158
1,29 €
35,83 € / kg

Kalmaari ribad suitsumaitselised ,36g
https://www.e-maxima.ee/SiteImages/Inventory/a/a/6/aa670f11-bb23-4028-87d6-4f2865eb4289.png?v=20160209.1158
1,09 €
30,28 € / kg

Kuivat.vürts.tursafileelõigud,36g
https://www.e-maxima.ee/SiteImages/Inventory/f/3/0/f304064c-0ad1-4fdb-9c6d-6baeb0da7077.png?v=20160209.1158
1,29 €
35,83 € / kg

Kuivat. ,pikantsed kalmaarilõigud,36g
https://www.e-maxima.ee/SiteImages/Inventory/3/4/b/34b61b9b-eeac-432b-a38f-58128900718c.png?v=20160209.1158
1,19 €
33,06 € / kg

Heeringafilee traditsiooniline VICI,240g
https://www.e-maxima.ee/SiteImages/Inventory/b/e/e/bee822f6-7066-44b8-beb1-e2bfc8008338.png?v=20160209.1158
1,09 €
4,54 € / kg

Heeringafilee suitsumaitseline VICI,240g
https://www.e-maxima.ee/SiteImages/Inventory/9/1/d/91d8852d-90a1-455c-8cac-3d3ef8053dd4.png?v=20160209.1158
1,35 €
5,63 € / kg

Rannakarbid äädikamar. LICO 340g
https://www.e-maxima.ee/SiteImages/Inventory/7/2/1/7210ac2b-f355-4305-9228-eabcf562df38.png?v=20160209.1158
2,59 €
7,62 € / kg

Rannakarbid catalane LICO 340g
https://www.e-maxima.ee/SiteImages/Inventory/1/a/a/1aa927f5-04b2-4a6e-8416-cdfc4b17c8f2.png?v=20160209.1158
2,59 €
7,62 € / kg

Heeringafilee suitsumaits. KGrant, 240g
https://www.e-maxima.ee/SiteImages/Inventory/a/f/5/af554899-3918-435d-8a74-61dfd559684b.png?v=20160209.1158
1,45 €
6,04 € / kg

Heeringafilee vähesoolane KGrant, 240g
https://www.e-maxima.ee/SiteImages/Inventory/2/c/5/2c58b9cb-4958-4c26-9ab6-53ab8debf0c2.png?v=20160209.1158
1,49 €
6,21 € / kg

Jahut. krabimaits. pulgad VICI, 300g
https://www.e-maxima.ee/SiteImages/Inventory/7/0/b/70bba4b8-d469-422e-8955-cf7a04baefee.png?v=20160209.1158
1,59 €
5,30 € / kg

Jahut. krabimaits. pulgad VICI, 150g
https://www.e-maxima.ee/SiteImages/Inventory/7/2/7/72714ecf-b759-4959-992c-9f8d95d0b9b9.png?v=20160209.1158
0,99 €
6,60 € / kg

Rannakarbid soolvees VICI, 200g
https://www.e-maxima.ee/SiteImages/Inventory/3/0/c/30c1d7e9-391e-4694-97f3-2ce9bf94dd14.png?v=20160209.1158
1,29 €
6,45 € / kg

Krevetid soolvees VICI, 200g
https://www.e-maxima.ee/SiteImages/Inventory/5/c/6/5c622db0-0b6f-41c6-91d5-852672bbcc4d.png?v=20160209.1158
2,89 €
14,45 € / kg

Kergsoola heeringafilee õlis Muson, 240g
https://www.e-maxima.ee/SiteImages/Inventory/4/a/1/4a116c22-d45a-4dd5-8824-05da42ac0205.png?v=20160209.1158
1,45 €
6,04 € / kg

Heeringafilee traditsiooniline VICI,400g
https://www.e-maxima.ee/SiteImages/Inventory/6/3/8/63879ea7-c97b-4335-8213-db4400f96fcc.png?v=20160209.1158
2,39 €
5,98 € / kg

Lõhe õrnsoolafilee tükk VICI, 200g
https://www.e-maxima.ee/SiteImages/Inventory/e/b/9/eb96b6ff-bc7f-4194-94cb-a2cae04b0cd3.png?v=20160209.1158
3,59 €
17,95 € / kg

Heeringafileetükid sibulaga KGrant, 500g
https://www.e-maxima.ee/SiteImages/Inventory/f/c/b/fcb4c1c1-d1b5-4945-be2f-092325d0f0bc.png?v=20160209.1158
2,15 €
5,38 € / kg

Külm/s Atlandi lõhefilee tükk VICI, 200g
https://www.e-maxima.ee/SiteImages/Inventory/9/3/a/93af197e-7566-47d7-9a62-b72802364ddf.png?v=20160209.1158
3,89 €
19,45 € / kg

Heeringafilee BOJA islandipärane 200g
https://www.e-maxima.ee/SiteImages/Inventory/0/c/3/0c38bef6-db9e-4c4c-bbde-7296e96a3ec9.png?v=20160209.1158
1,54 €
7,70 € / kg

Jahutatud lumekrabipulgad VICI, 150g
https://www.e-maxima.ee/SiteImages/Inventory/7/2/4/724fd855-6291-43d5-89fb-32a1f0cb4350.png?v=20160209.1158
1,45 €
9,67 € / kg

Praetud räimed tomatimarinaadis VR 430g
https://www.e-maxima.ee/SiteImages/Inventory/4/c/2/4c223d45-582d-420b-9546-b662c5d88e64.png?v=20160209.1158
1,99 €
4,63 € / kg

Praet. räimed koduses marinaadis VR 430g
https://www.e-maxima.ee/SiteImages/Inventory/4/5/f/45fb8efe-61c4-4f0b-8db0-e78079ed2036.png?v=20160209.1158
1,81 €
4,21 € / kg

Pr. heeringafilee tomat. Viru Rand, 430g
https://www.e-maxima.ee/SiteImages/Inventory/7/e/7/7e7475cd-2bd4-45fe-adab-cc7db8635e37.png?v=20160209.1158
2,55 €
5,93 € / kg

Külm/s skumbria vaakumis VICI, kg
https://www.e-maxima.ee/SiteImages/Inventory/9/9/a/99aaf72e-c58d-443f-82f4-2e185d088a9a.png?v=20160209.1158
5,39 €
5,39 € / kg

Rannakarbid veinikastmes LICO 340g
https://www.e-maxima.ee/SiteImages/Inventory/d/f/8/df81ea96-e752-4a85-a8dc-38823b022b52.png?v=20160209.1158
2,59 €
7,62 € / kg

Heeringafileetükid sinepikast. NEMO,200g
https://www.e-maxima.ee/SiteImages/Inventory/4/c/b/4cb2ba28-f5c4-43f1-bd37-de5bebd88104.png?v=20160209.1158
1,49 €
7,45 € / kg

Jahutatud krabipulgad VICI, 500g
https://www.e-maxima.ee/SiteImages/Inventory/7/9/9/799c1ab9-8a51-4ebc-b41c-e64310e57ef8.png?v=20160209.1158
3,05 €
6,10 € / kg

Krabim. jahut. surimipulgad OL, 150g
https://www.e-maxima.ee/SiteImages/Inventory/b/3/e/b3e16904-e60a-4db7-9938-a4cd0f61e4f2.png?v=20160209.1158
0,66 €
4,40 € / kg

Külm/s Atlandi makrelli tükid(vaakum),kg
https://www.e-maxima.ee/SiteImages/Inventory/2/e/2/2e299ccb-1103-42b0-b857-073b96aed75f.png?v=20160209.1158
6,99 €
6,99 € / kg

Külm/s lõhe kõhuääred, 300g
https://www.e-maxima.ee/SiteImages/Inventory/4/3/5/4353d133-34b3-4ed9-9a90-27bd6ecc460b.png?v=20160209.1158
2,39 €
7,97 € / kg

Jahutatud lumekrabipulk VICI, 250g
https://www.e-maxima.ee/SiteImages/Inventory/0/9/c/09ce3324-ea8d-4e20-9282-7f383342d0ee.png?v=20160209.1158
1,69 €
6,76 € / kg

Balti vürtsikilud BRIIS, 270g
https://www.e-maxima.ee/SiteImages/Inventory/8/c/3/8c3cc479-6e3c-4cfb-9ae6-4bf20bf428a5.png?v=20160209.1158
1,09 €
4,04 € / kg

Soolatud viilut. lõhefilee 100g
https://www.e-maxima.ee/SiteImages/Inventory/2/0/f/20f04cdc-2ecf-4726-bda4-ed80009aa478.png?v=20160209.1158
2,09 €
20,90 € / kg

Jahut. krabim. surimi pulgad, 150g
https://www.e-maxima.ee/SiteImages/Inventory/8/2/3/823711bd-d39c-4433-95b2-50a1f02ca943.png?v=20160209.1158
0,79 €
5,27 € / kg

Heeringafil. rullmops kur-ga KGrant,250g
https://www.e-maxima.ee/SiteImages/Inventory/2/2/3/2237d04d-e62c-4788-80ec-334b377a146f.png?v=20160209.1158
2,09 €
8,36 € / kg

Merekapsas majoneesis Latis, 200g
https://www.e-maxima.ee/SiteImages/Inventory/7/a/7/7a775a85-c02d-4f9d-b999-081d8f88da01.png?v=20160209.1158
0,80 €
4,00 € / kg

Atl. kergsoolaheer.õlis, maitseain.220g
https://www.e-maxima.ee/SiteImages/Inventory/2/6/e/26eb165e-ea78-46a9-b995-06b773339ace.png?v=20160209.1158
0,95 €
4,32 € / kg

Atl.heeringa soolafilee,tradits.OCEAN400
https://www.e-maxima.ee/SiteImages/Inventory/d/d/6/dd6eae7f-a02e-4b00-81b0-9907d4010080.png?v=20160209.1158
1,55 €
3,88 € / kg

Kergsoolaheeringas õlis, maitseain. 400g
https://www.e-maxima.ee/SiteImages/Inventory/a/3/f/a3fbb93e-c23c-4fd6-9676-872d696b2ff9.png?v=20160209.1158
1,65 €
4,13 € / kg

Suitsumaitseline heeringafilee õlis,400g
https://www.e-maxima.ee/SiteImages/Inventory/6/d/5/6d5a42be-1d3c-490c-aa66-a4ab434384c5.png?v=20160209.1158
1,65 €
4,13 € / kg

Tradits. heeringafilee õlis OCEAN, 220g
https://www.e-maxima.ee/SiteImages/Inventory/c/f/1/cf1ba6c5-e4e8-45a9-9204-30deabea26a5.png?v=20160209.1158
1,19 €
5,41 € / kg

Suitsum. heeringafilee õlis OCEAN, 220g
https://www.e-maxima.ee/SiteImages/Inventory/a/d/b/adb24295-8c41-404b-82a4-7e1d1b34fcdd.png?v=20160209.1158
1,29 €
5,86 € / kg

Heeringafilee Rootsipäraselt BOJA, 200g
https://www.e-maxima.ee/SiteImages/Inventory/a/e/d/aedc14ed-5ee4-4326-9d0e-55d16b220abf.png?v=20160209.1158
1,54 €
7,70 € / kg

Erisoolaheeringas, 1,3kg
https://www.e-maxima.ee/SiteImages/Inventory/3/6/2/362b2260-6134-4064-9cf1-8eb7af8dd6dc.png?v=20160209.1158
3,39 €
2,61 € / kg

Heeringafilee Norrapäraselt BOJA, 200g
https://www.e-maxima.ee/SiteImages/Inventory/b/a/0/ba0cca1c-4636-44f7-abef-6b4815f126d8.png?v=20160209.1158
1,54 €
7,70 € / kg

Klassikal. heeringafilee õlis BOJA, 200g
https://www.e-maxima.ee/SiteImages/Inventory/c/c/5/cc5aaf08-698a-469c-9e13-9609ecfcd6ee.png?v=20160209.1158
1,54 €
7,70 € / kg

Tallinna kilufileed VIRU RAND, 100g
https://www.e-maxima.ee/SiteImages/Inventory/2/b/3/2b3c7407-be2b-445a-ac89-db6fcc80fa7c.png?v=20160209.1158
1,75 €
17,50 € / kg

Vürtsikilufileed VIRU RAND, 100g
https://www.e-maxima.ee/SiteImages/Inventory/2/c/6/2c6366e8-b4ce-4590-b1f6-a4a97fe052b9.png?v=20160209.1158
1,49 €
14,90 € / kg

Räimerullid Küüslaugumar. Viru Rand,400g
https://www.e-maxima.ee/SiteImages/Inventory/b/1/2/b12eb6c7-c335-4751-8763-7fd29ed1c373.png?v=20160209.1158
2,69 €
6,73 € / kg

Heeringafilee marinaadis LATIS, 600g
https://www.e-maxima.ee/SiteImages/Inventory/5/2/9/529491ca-33f4-4b0f-aaff-c3b9dcadbb1e.png?v=20160209.1158
3,29 €
5,48 € / kg

Heeringafilee marin. kerg. kastmes, 250g
https://www.e-maxima.ee/SiteImages/Inventory/c/6/1/c6167577-85da-42b8-9b43-9767c63c8982.png?v=20160209.1158
1,29 €
5,16 € / kg

Jahutatud krabimaitselised pulgad, 100g
https://www.e-maxima.ee/SiteImages/Inventory/5/6/d/56d9e847-138b-4fb0-9e6c-c3a162c80826.png?v=20160209.1158
0,59 €
5,90 € / kg

Kohafilee tomatimarinaadis,400g
https://www.e-maxima.ee/SiteImages/Inventory/a/4/e/a4ec639b-2f40-434c-b040-64a2cfbb8099.png?v=20160209.1158
2,55 €
6,38 € / kg

Kodusai Fazer 320g
https://www.e-maxima.ee/SiteImages/Inventory/6/b/9/6b9b72ad-c883-4974-a7c5-2d68788fc5a1.png?v=20160209.1158
0,39 €
1,22 € / kg

Perenaisesai EESTI PAGAR 320g
https://www.e-maxima.ee/SiteImages/Inventory/b/2/2/b22f09a6-8889-49b4-8796-ab3f010e79d8.png?v=20160209.1158
0,34 €
1,06 € / kg

Sai kohup.-ga viil.Õnne EESTI PAGAR 320g
https://www.e-maxima.ee/SiteImages/Inventory/b/6/f/b6f5f7fd-0276-4998-a2f8-c2e8632f79c6.png?v=20160209.1158
0,45 €
1,41 € / kg

Sai Hea  EESTI PAGAR  viil.300g
https://www.e-maxima.ee/SiteImages/Inventory/6/9/4/6942265b-14c8-4a0f-929c-68b0e03a6553.png?v=20160209.1158
0,35 €
1,17 € / kg

Riivsai BALTIX 500g
https://www.e-maxima.ee/SiteImages/Inventory/6/4/7/647cb280-433e-4c76-b2b7-61effbd9dd02.png?v=20160209.1158
0,95 €
1,90 € / kg

Kodusai Suur FAZER 500g
https://www.e-maxima.ee/SiteImages/Inventory/d/d/3/dd3cd4c8-c305-4040-861c-c14ed2ee308e.png?v=20160209.1158
0,60 €
1,20 € / kg

Suur Perenaise sai EESTI PAGAR, 500g
https://www.e-maxima.ee/SiteImages/Inventory/0/5/b/05bf5b85-71ee-4ada-9778-4280cca77539.png?v=20160209.1158
0,55 €
1,10 € / kg

Suur Kirde sai LEIBUR, 500g
https://www.e-maxima.ee/SiteImages/Inventory/5/0/3/5034e6a8-3942-4065-92db-376b97d3e801.png?v=20160209.1158
0,64 €
1,28 € / kg

Suur sai HAGAR, 500g
https://www.e-maxima.ee/SiteImages/Inventory/6/7/8/678c32af-3aff-401d-9c1a-f20ea1c49ef0.png?v=20160209.1158
0,69 €
1,38 € / kg

Finest Maakodu sai rukkihelv. FAZER 450g
https://www.e-maxima.ee/SiteImages/Inventory/f/e/2/fe2bab5b-d80b-4698-95b9-56b02309c549.png?v=20160209.1158
0,86 €
1,91 € / kg

Finest Maakodu sai rukkitera. FAZER 450g
https://www.e-maxima.ee/SiteImages/Inventory/d/b/0/db0427ff-e877-4b65-be1a-c82d579b7b18.png?v=20160209.1158
0,72 €
1,60 € / kg

Finest sai seemnetega FAZER 400g
https://www.e-maxima.ee/SiteImages/Inventory/8/1/5/815e2f4c-83f4-4ea4-baaf-72a014fa5c03.png?v=20160209.1158
0,71 €
1,78 € / kg

Tallinna   peenleib LEIBUR 1kg viil.
https://www.e-maxima.ee/SiteImages/Inventory/7/8/0/780bea35-f236-41a7-bd8c-b330f60c80d1.png?v=20160209.1158
1,25 €
1,25 € / kg

Toolse leib LEIBUR 500g viil.
https://www.e-maxima.ee/SiteImages/Inventory/e/1/c/e1cb61c3-bc37-47fb-9adc-451de73fd74e.png?v=20160209.1158
0,59 €
1,18 € / kg

Pealinna peenleib EESTI PAGAR 1kg
https://www.e-maxima.ee/SiteImages/Inventory/8/9/e/89e7f433-c269-460e-81c1-c1a8a9975adf.png?v=20160209.1158
1,27 €
1,27 € / kg

Pealinna peenleib EESTI PAGAR 490g
https://www.e-maxima.ee/SiteImages/Inventory/1/3/8/138edb09-b228-41dc-8c11-12567c749beb.png?v=20160209.1158
0,70 €
1,43 € / kg

Tallinna   peenleib LEIBUR 475g
https://www.e-maxima.ee/SiteImages/Inventory/3/b/9/3b9a354a-b121-4cc4-8c90-2e19456c174c.png?v=20160209.1158
0,69 €
1,45 € / kg

Must vormileib EESTI PAGAR 600g
https://www.e-maxima.ee/SiteImages/Inventory/2/0/1/2012c143-8d58-49a9-971e-fff21144e7f8.png?v=20160209.1158
0,52 €
0,87 € / kg

Leib ÕNNE viil.EESTI PAGAR 390g
https://www.e-maxima.ee/SiteImages/Inventory/6/d/7/6d74b898-faeb-4c91-9d84-2c260c98a012.png?v=20160209.1158
0,45 €
1,15 € / kg

Must leib  FAZER 300g
https://www.e-maxima.ee/SiteImages/Inventory/4/f/d/4fdbd9e8-4188-4031-b025-c052eab074de.png?v=20160209.1158
0,52 €
1,73 € / kg

Must leib  FAZER 600g
https://www.e-maxima.ee/SiteImages/Inventory/9/8/3/983ce05e-6b26-4ed5-8def-f9891a9f8405.png?v=20160209.1158
0,47 €
0,78 € / kg

Fazeri Hele peenleib, 400g
https://www.e-maxima.ee/SiteImages/Inventory/d/9/b/d9b6fa65-2872-4a99-845e-61e0fe58f625.png?v=20160209.1158
0,75 €
1,88 € / kg

Isa peenleib LEIBUR 350g
https://www.e-maxima.ee/SiteImages/Inventory/0/3/b/03be162f-350d-490a-ab9f-3fbc70dcbd1b.png?v=20160209.1158
0,43 €
1,23 € / kg

Isa peenleib  730g
https://www.e-maxima.ee/SiteImages/Inventory/2/8/d/28d9e2c1-2013-47dc-a9e3-fa7782fe4b9b.png?v=20160209.1158
0,84 €
1,15 € / kg

Rukkileib Leiburi Ruks LEIBUR 800g
https://www.e-maxima.ee/SiteImages/Inventory/f/2/d/f2d6e5f7-b418-47c5-82ca-dbff1211bd06.png?v=20160209.1158
0,96 €
1,20 € / kg

Rukkileib Leiburi Ruks LEIBUR 380g
https://www.e-maxima.ee/SiteImages/Inventory/c/d/6/cd612429-862f-4883-909a-8e2e525b8a9b.png?v=20160209.1158
0,55 €
1,45 € / kg

Rehe rukkileib EESTI PAGAR,390g
https://www.e-maxima.ee/SiteImages/Inventory/a/3/d/a3d0e0f4-6fc7-4208-8fe5-b3ead4f4252c.png?v=20160209.1158
0,53 €
1,36 € / kg

Rehe rukkileib vorm.EESTI PAGAR,600g
https://www.e-maxima.ee/SiteImages/Inventory/b/c/9/bc9b2dd8-6471-4990-afc9-7f8312e246c1.png?v=20160209.1158
0,56 €
0,93 € / kg

Fazer Peen Vormileib,550g
https://www.e-maxima.ee/SiteImages/Inventory/3/8/1/381dd2f6-5ab0-4a8a-b17b-662247907c45.png?v=20160209.1158
0,44 €
0,80 € / kg

Pealinna peenleib vorm EESTI PAGAR, 600g
https://www.e-maxima.ee/SiteImages/Inventory/8/1/8/8188078a-bbfe-41a5-99c0-85b25f5ef4fb.png?v=20160209.1158
0,94 €
1,57 € / kg

Must põrandaleib FAZER, 390g
https://www.e-maxima.ee/SiteImages/Inventory/4/d/4/4d44f7cc-0ebf-408b-8033-7c319e5a9b17.png?v=20160209.1158
0,69 €
1,77 € / kg

Peenleib Parim Päts, 650g
https://www.e-maxima.ee/SiteImages/Inventory/2/0/d/20db5750-f9c9-4819-8be5-ce9470ed5ec8.png?v=20160209.1158
0,58 €
0,89 € / kg

Hele ciabatta kukkel EESTI PAGAR, 210g
https://www.e-maxima.ee/SiteImages/Inventory/0/9/1/091c2d2c-bb43-4297-b058-55464b0ce411.png?v=20160209.1158
0,62 €
2,95 € / kg

Tume ciabatta kukkel EESTI PAGAR, 210g
https://www.e-maxima.ee/SiteImages/Inventory/7/3/8/738c9e89-9ca9-49fb-866c-d16e5e08152c.png?v=20160209.1158
0,62 €
2,95 € / kg

Šokolaadimaitseline rull, kg
https://www.e-maxima.ee/SiteImages/Inventory/b/4/9/b4946ec3-a31d-46b2-ae7e-10f05c403c83.png?v=20160209.1158
5,69 €
5,69 € / kg

Kohupiimarull, kg
https://www.e-maxima.ee/SiteImages/Inventory/3/f/e/3fe4dde7-0199-4907-8100-af7c94508792.png?v=20160209.1158
3,99 €
3,99 € / kg

Kook Vana Riia 70g
https://www.e-maxima.ee/SiteImages/Inventory/8/1/b/81b60f24-535c-4e9d-82f9-660d4debf313.png?v=20160209.1158
0,49 €
7,00 € / kg

Jogurtikook, kg
https://www.e-maxima.ee/SiteImages/Inventory/a/d/9/ad92f4fc-f07b-4a46-9ece-2fa2cccd577d.png?v=20160209.1158
5,49 €
5,49 € / kg

Rullbiskviit Roiski, kg
https://www.e-maxima.ee/SiteImages/Inventory/8/8/6/886f8fd7-dbe2-4573-94e7-332b0bd63b6e.png?v=20160209.1158
5,99 €
5,99 € / kg

Plaadikook Mesilase, kg
https://www.e-maxima.ee/SiteImages/Inventory/5/0/3/50352999-577c-4599-8f34-fda65cc9b5bc.png?v=20160209.1158
5,49 €
5,49 € / kg

Kirsikook, kg
https://www.e-maxima.ee/SiteImages/Inventory/7/d/b/7db100a1-ce55-45c6-ac16-97da3ba33b93.png?v=20160209.1158
5,99 €
5,99 € / kg

Tort Maskarpoone suur, kg
https://www.e-maxima.ee/SiteImages/Inventory/4/5/3/453413c7-5ea3-45a5-97a3-534e774aa656.png?v=20160209.1158
9,99 €
9,99 € / kg

Tort Kirsiaed suur, kg
https://www.e-maxima.ee/SiteImages/Inventory/3/d/5/3d56213b-18ce-4a7f-b239-dfa632ff1b3f.png?v=20160209.1158
7,99 €
7,99 € / kg

Kook Margaritka 140g
https://www.e-maxima.ee/SiteImages/Inventory/d/9/a/d9a1a08d-0f7e-4b74-9f69-50a38a986410.png?v=20160209.1158
1,34 €
9,57 € / kg

Kook Ekleer sidrunikreemiga 84g
https://www.e-maxima.ee/SiteImages/Inventory/a/d/9/ad954b49-4f8a-4cea-9009-789c6648ab34.png?v=20160209.1158
0,69 €
8,21 € / kg

Kook Ekleer karamellikreemiga 74g
https://www.e-maxima.ee/SiteImages/Inventory/f/f/4/ff4a50fb-324e-4359-8333-9f6ce0568444.png?v=20160209.1158
0,69 €
9,32 € / kg

Banaanitort suur, kg
https://www.e-maxima.ee/SiteImages/Inventory/c/3/e/c3ef3942-d9ea-4b0b-ad72-3cf5bc35c9ec.png?v=20160209.1158
6,99 €
6,99 € / kg

Šokolaadimaitseline marjatort suur, kg
https://www.e-maxima.ee/SiteImages/Inventory/9/7/d/97d0d59a-9a70-4f11-8159-73ef7709da57.png?v=20160209.1158
6,29 €
6,29 € / kg

Rullbiskviit vahukoorega, kg
https://www.e-maxima.ee/SiteImages/Inventory/a/b/1/ab17c33d-8465-4ab5-b76b-3efcfab39b94.png?v=20160209.1158
5,30 €
5,30 € / kg

Jogurtitort suur, kg
https://www.e-maxima.ee/SiteImages/Inventory/6/b/1/6b1e28a6-90f5-4dcf-a8b5-ee639b9740e4.png?v=20160209.1158
6,99 €
6,99 € / kg

Vahukreemikringel EESTI PAGAR 450g
https://www.e-maxima.ee/SiteImages/Inventory/b/6/a/b6a5fab7-d428-4243-9c3e-de312090da31.png?v=20160209.1158
3,19 €
7,09 € / kg

Metspähklitort EESTI PAGAR, 1kg
https://www.e-maxima.ee/SiteImages/Inventory/3/6/5/365b75f8-5fa7-42ec-8eec-b275e0418a2a.png?v=20160209.1158
7,49 €
7,49 € / kg

Hea kohupiimakook HAGAR 370g
https://www.e-maxima.ee/SiteImages/Inventory/4/a/0/4a09a454-fcb2-4829-8303-fbe0b4c7b61c.png?v=20160209.1158
3,09 €
8,35 € / kg

Käharpea kook  HAGAR 280g
https://www.e-maxima.ee/SiteImages/Inventory/d/e/f/def13d05-de44-45d7-8004-536dc8a0cf2f.png?v=20160209.1158
1,49 €
5,32 € / kg

Saksa kook MARTA PAGAR 400g
https://www.e-maxima.ee/SiteImages/Inventory/a/5/e/a5efcbca-b9e2-4a5e-8d9e-61e366737050.png?v=20160209.1158
2,22 €
5,55 € / kg

Lahja kohupiimakook HAGAR  300g
https://www.e-maxima.ee/SiteImages/Inventory/f/3/e/f3e91961-f89e-4e74-b925-04ede2d0e413.png?v=20160209.1158
2,69 €
8,97 € / kg

Pealinna kook EESTI PAGAR 1.1kg
https://www.e-maxima.ee/SiteImages/Inventory/c/9/a/c9a5f8e3-a62c-4350-83a3-e177a03d8bd0.png?v=20160209.1158
6,99 €
6,35 € / kg

Meekook EESTI PAGAR 350g
https://www.e-maxima.ee/SiteImages/Inventory/0/b/b/0bbbe5ee-e43b-405f-93de-8d8a61d04660.png?v=20160209.1158
1,97 €
5,63 € / kg

Meekook EESTI PAGAR 1kg
https://www.e-maxima.ee/SiteImages/Inventory/4/e/2/4e21fcb1-a721-4c85-8cc1-fd9aba2554f7.png?v=20160209.1158
5,99 €
5,99 € / kg

Eksootiline kohupiimatort suur, kg
https://www.e-maxima.ee/SiteImages/Inventory/7/2/1/72163054-c2b6-47cf-ad1c-713140d77b77.png?v=20160209.1158
6,99 €
6,99 € / kg

Prant.kohup.kook EESTI PAGAR(karb.),320g
https://www.e-maxima.ee/SiteImages/Inventory/0/9/7/0978d886-5a1e-4a8c-9e5b-4b5a733633ba.png?v=20160209.1158
2,14 €
6,69 € / kg

Kook Alice Imedemaal, 58g
https://www.e-maxima.ee/SiteImages/Inventory/4/6/c/46c2c3ed-2498-42ed-ad6e-04e87bf2625e.png?v=20160209.1158
0,64 €
11,03 € / kg

Plaadikook Virsiku Paradiis, kg
https://www.e-maxima.ee/SiteImages/Inventory/c/6/7/c679b15e-b2e8-472d-98d2-43da5e9b2398.png?v=20160209.1158
6,29 €
6,29 € / kg

Kook Kirju Kass, kg
https://www.e-maxima.ee/SiteImages/Inventory/a/3/c/a3c97a07-52a8-43bf-85ad-6e889e9337e7.png?v=20160209.1158
8,59 €
8,59 € / kg

Maasika-kohupiimatort EESTI PAGAR, 1,1kg
https://www.e-maxima.ee/SiteImages/Inventory/e/b/4/eb4343b5-816a-4e95-ae54-3c86d5f1a8f0.png?v=20160209.1158
9,99 €
9,08 € / kg

Pirni-jogurtitort EESTI PAGAR, 1kg
https://www.e-maxima.ee/SiteImages/Inventory/5/f/3/5f3132be-f8b4-4849-b8c6-34775a019e5f.png?v=20160209.1158
8,99 €
8,99 € / kg

Vaarika-kohupiimatort EESTI PAGAR, 1kg
https://www.e-maxima.ee/SiteImages/Inventory/f/f/c/ffc42e64-21e1-4557-8a9a-be32936b20ac.png?v=20160209.1158
10,99 €
10,99 € / kg

Trühvlitort EESTI PAGAR, 900g
https://www.e-maxima.ee/SiteImages/Inventory/b/e/8/be8efd50-554e-4c3e-ac91-dd359be588ed.png?v=20160209.1158
9,49 €
10,54 € / kg

Pohlatort valge glas.EESTI PAGAR, 900g
https://www.e-maxima.ee/SiteImages/Inventory/3/d/1/3d11d1b6-281b-46b3-96c2-d37814a00eb3.png?v=20160209.1158
6,99 €
7,77 € / kg

Daimitort EESTI PAGAR, 800g
https://www.e-maxima.ee/SiteImages/Inventory/5/a/c/5ac2c41d-c806-4ef3-a9e5-0fbabe55ef70.png?v=20160209.1158
9,99 €
12,49 € / kg

Lõvi-Lõrri tort EESTI PAGAR, 1kg
https://www.e-maxima.ee/SiteImages/Inventory/b/0/9/b0971090-30a8-4200-90f1-da5842855f5f.png?v=20160209.1158
6,99 €
6,99 € / kg

Sefiiritort EESTI PAGAR, 800g
https://www.e-maxima.ee/SiteImages/Inventory/1/4/8/148502a8-e18c-46da-9d46-6b0dae544d8a.png?v=20160209.1158
6,99 €
8,74 € / kg

Kohupiimatort puuviljadega MK suur, kg
https://www.e-maxima.ee/SiteImages/Inventory/8/a/0/8a0069de-6fe6-41c6-bc9b-c1fad7327b94.png?v=20160209.1158
6,99 €
6,99 € / kg

Ekleer keedukreemiga, 80 g
https://www.e-maxima.ee/SiteImages/Inventory/c/4/c/c4cc7836-a811-40bb-ab65-9871a7ebc721.png?v=20160209.1158
0,74 €
9,25 € / kg

Kirju kohupiimatort, 1.05kg        
https://www.e-maxima.ee/SiteImages/Inventory/5/7/0/570ffe3f-36cd-4274-9ddc-a266d9ddec67.png?v=20160209.1158
8,88 €
8,46 € / kg

Sebrakook HAGAR, 1kg
https://www.e-maxima.ee/SiteImages/Inventory/7/5/7/7579e30f-4a24-4be1-ad38-0f6f892369f0.png?v=20160209.1158
6,99 €
6,99 € / kg

Napoleoni kook EESTI PAGAR 1,2kg
https://www.e-maxima.ee/SiteImages/Inventory/a/6/3/a63d5b6d-f98a-42d2-b8f3-8ba99206820f.png?v=20160209.1158
6,59 €
5,49 € / kg

Napoleoni kook EESTI PAGAR, kg
https://www.e-maxima.ee/SiteImages/Inventory/7/c/0/7c071318-0721-4345-a480-4b9cad1d6223.png?v=20160209.1158
5,42 €
5,42 € / kg

Šokolaaditort, 600g
https://www.e-maxima.ee/SiteImages/Inventory/f/b/1/fb1b9115-af1a-453c-b5e3-b85960a054c2.png?v=20160209.1158
6,49 €
10,82 € / kg

Koorikleib Rukkipala LEIBUR 6tk(330g)
https://www.e-maxima.ee/SiteImages/Inventory/4/3/0/430baa06-697a-4402-bf5c-177d1075edd5.png?v=20160209.1158
0,71 €
2,15 € / kg

Juustumuhkel FAZER 200g
https://www.e-maxima.ee/SiteImages/Inventory/0/8/8/08829146-f09f-4396-9d05-2fb0bf45a4f7.png?v=20160209.1158
0,69 €
3,45 € / kg

Kuldne klassikaline röstsai LEIBUR 500g
https://www.e-maxima.ee/SiteImages/Inventory/6/5/1/651f342f-b201-49d5-aaa6-b2b4f81d1f0a.png?v=20160209.1158
0,85 €
1,70 € / kg

Röstsai Kuldne täistera LEIBUR 500g
https://www.e-maxima.ee/SiteImages/Inventory/f/9/7/f97adf50-6741-4f91-9054-c590ea4f94d6.png?v=20160209.1158
0,85 €
1,70 € / kg

Teratasku EESTI PAGAR 3tk(210g)
https://www.e-maxima.ee/SiteImages/Inventory/9/2/5/925032a0-aa22-4642-b9d5-290ba10d8d8f.png?v=20160209.1158
0,45 €
2,14 € / kg

Kuldne klassikal.röstsai LEIBUR 300g
https://www.e-maxima.ee/SiteImages/Inventory/1/e/0/1e08e27b-898a-4038-b44c-02d712f6cb78.png?v=20160209.1158
0,70 €
2,33 € / kg

Mitmeviljaröstkukkel FAZER 260g
https://www.e-maxima.ee/SiteImages/Inventory/b/b/9/bb934edb-2068-4d8b-80fd-a9aa91559098.png?v=20160209.1158
0,72 €
2,77 € / kg

Röstsai Tosta EESTI PAGAR 500g
https://www.e-maxima.ee/SiteImages/Inventory/a/c/5/ac554e92-f6fc-48d9-9991-803626613642.png?v=20160209.1158
0,74 €
1,48 € / kg

Mitmevilja-röstsai Tosta EESTI PAGAR500g
https://www.e-maxima.ee/SiteImages/Inventory/0/3/7/037db954-bb2a-495f-a2fc-b3a7b7203dde.png?v=20160209.1158
0,74 €
1,48 € / kg

Röstsepik Tosta EESTI PAGAR 500g
https://www.e-maxima.ee/SiteImages/Inventory/3/8/d/38d0eddc-6a77-47a8-804d-6cc711070e90.png?v=20160209.1158
0,75 €
1,50 € / kg

Saib LEIBUR, 370g
https://www.e-maxima.ee/SiteImages/Inventory/5/a/4/5a4b6fbd-ab53-4b23-8388-2a507e5b9052.png?v=20160209.1158
0,73 €
1,97 € / kg

Rehe koorikleib EESTI PAGAR, 150g
https://www.e-maxima.ee/SiteImages/Inventory/b/f/4/bf4d34b4-b721-44e1-9264-66c518414431.png?v=20160209.1158
0,39 €
2,60 € / kg

Rukkiröst Tosta EESTI PAGAR, 390g
https://www.e-maxima.ee/SiteImages/Inventory/c/1/3/c13f43ea-1abb-429b-9d0a-d187f51100e2.png?v=20160209.1158
0,75 €
1,92 € / kg

Leiburi röst rukkijahust, 470g
https://www.e-maxima.ee/SiteImages/Inventory/e/1/7/e17b0533-2221-45b4-8b85-87711e1bc6fc.png?v=20160209.1158
0,95 €
2,02 € / kg

Must taskuleib seemnetega FAZER, 270g
https://www.e-maxima.ee/SiteImages/Inventory/4/b/6/4b66068d-eb5e-464c-8683-5ecf98b1aae5.png?v=20160209.1158
0,79 €
2,93 € / kg

Leiburi RÖST mitmevilja, 470g
https://www.e-maxima.ee/SiteImages/Inventory/9/9/1/9916afdf-b1d1-4255-a868-c37c6f169787.png?v=20160209.1158
0,89 €
1,89 € / kg

Mitmevilja leivake Fresh FAZER, 280g
https://www.e-maxima.ee/SiteImages/Inventory/1/8/b/18bf9f32-fd42-472a-bdec-a2d920195a7d.png?v=20160209.1158
0,49 €
1,75 € / kg

Kaerasüda LEIBUR, 250g
https://www.e-maxima.ee/SiteImages/Inventory/d/b/a/dbae23d4-18d7-47a3-9741-7a62e85480c3.png?v=20160209.1158
0,89 €
3,56 € / kg

Kuldne prantsusepär.röstsai LEIBUR 500g
https://www.e-maxima.ee/SiteImages/Inventory/a/4/f/a4f2b55f-e8fd-49d6-89d3-35ee8c2f4c1b.png?v=20160209.1158
0,89 €
1,78 € / kg

Röstsai Eesti Pagar juustuga, 430g
https://www.e-maxima.ee/SiteImages/Inventory/6/1/0/6108af5a-efb6-48b8-8fd8-fc4bacd6598e.png?v=20160209.1158
0,84 €
1,95 € / kg

Kodusai röst kliidega FAZER 500g
https://www.e-maxima.ee/SiteImages/Inventory/2/0/1/201a32f3-47c2-4de3-ace1-63d2fab54313.png?v=20160209.1158
0,75 €
1,50 € / kg

Röstsai Parim Päts, 500g
https://www.e-maxima.ee/SiteImages/Inventory/8/f/1/8f15590c-8027-477e-8fd5-7ae34f4781dd.png?v=20160209.1158
0,69 €
1,38 € / kg

Kodune sepik LEIBUR, 300g
https://www.e-maxima.ee/SiteImages/Inventory/b/0/8/b08f9443-37c5-4edd-b86b-a8acbd571d0b.png?v=20160209.1158
0,53 €
1,77 € / kg

Südamesepik FAZER 340g
https://www.e-maxima.ee/SiteImages/Inventory/4/0/8/40873057-431d-4b7f-99d6-a5ccc51fd242.png?v=20160209.1158
0,59 €
1,74 € / kg

Seemneleib Jassi  EESTI PAGAR 310g
https://www.e-maxima.ee/SiteImages/Inventory/1/4/a/14a63f4d-eeb9-4991-8799-e89981c62034.png?v=20160209.1158
0,72 €
2,32 € / kg

Sepik Õnne EESTI PAGAR 300g
https://www.e-maxima.ee/SiteImages/Inventory/b/f/c/bfcf34d1-f58f-464f-b953-e2bdf510bc87.png?v=20160209.1158
0,45 €
1,50 € / kg

Puuviljaleib EESTI PAGAR 300g
https://www.e-maxima.ee/SiteImages/Inventory/c/8/f/c8f6b4b9-4efd-42de-96a8-5a5d7afed877.png?v=20160209.1158
1,02 €
3,40 € / kg

Must seemneleib FAZER 280g
https://www.e-maxima.ee/SiteImages/Inventory/1/4/7/147e9b9e-f058-4ffe-b2e9-343737060080.png?v=20160209.1158
0,78 €
2,79 € / kg

Linaseemnesepik MARTA PAGAR viil.170g
https://www.e-maxima.ee/SiteImages/Inventory/3/4/f/34fc4c2f-d41d-42b3-8fa3-83ec8ea852b7.png?v=20160209.1158
0,29 €
1,71 € / kg

Must seemneleib FAZER 560g
https://www.e-maxima.ee/SiteImages/Inventory/1/e/f/1eff0e09-85d3-4cd2-9c20-26e671c7ab14.png?v=20160209.1158
1,29 €
2,30 € / kg

LEIBURI Seemneruks, 380g
https://www.e-maxima.ee/SiteImages/Inventory/2/3/0/230c2cb6-5b4d-4035-9375-5b59864cd918.png?v=20160209.1158
0,84 €
2,21 € / kg

Rehe teraleib EESTI PAGAR, 390g viil.
https://www.e-maxima.ee/SiteImages/Inventory/5/5/9/5597c1d4-e4d6-40e1-bbb2-e2b04284f8b1.png?v=20160209.1158
0,72 €
1,85 € / kg

Must Jassi seemneleib EESTI PAGAR, 310g
https://www.e-maxima.ee/SiteImages/Inventory/0/0/5/005bc4f4-77ae-4158-8dfc-e65c7ce6604d.png?v=20160209.1158
0,84 €
2,71 € / kg

Must Jassi seemneleib EESTI PAGAR, 650 g
https://www.e-maxima.ee/SiteImages/Inventory/4/8/f/48fb162a-0578-46f8-9d28-a21e411c825a.png?v=20160209.1158
1,34 €
2,06 € / kg

Rukkisepik EESTI PAGAR, 300g
https://www.e-maxima.ee/SiteImages/Inventory/e/0/2/e022e1fd-b90f-478a-990f-133fb053462d.png?v=20160209.1158
0,69 €
2,30 € / kg

Tatraleib LEIBUR, 330g
https://www.e-maxima.ee/SiteImages/Inventory/b/9/9/b9985417-7bf9-46c1-a488-54ccca3c1581.png?v=20160209.1158
0,99 €
3,00 € / kg

Armeenia rahvusleib Lavaš 150g
https://www.e-maxima.ee/SiteImages/Inventory/c/2/6/c26ebac4-1ba6-4982-9d6c-8d7505ae6910.png?v=20160209.1158
0,55 €
3,67 € / kg

Gruusia rahvusleib Shoti 330g
https://www.e-maxima.ee/SiteImages/Inventory/5/e/4/5e4377a4-a2b0-46d4-bfe7-5cb50c74d721.png?v=20160209.1158
0,69 €
2,09 € / kg

Lavašš FAZER 150g
https://www.e-maxima.ee/SiteImages/Inventory/f/f/8/ff809bdc-f0ab-48cf-8cf2-a425ba1b098d.png?v=20160209.1158
0,68 €
4,53 € / kg

Gruusia rahvusleib Puri KILIKIA 330g
https://www.e-maxima.ee/SiteImages/Inventory/d/5/c/d5c26d61-677c-4fdb-b64a-106d39d36ef2.png?v=20160209.1158
0,59 €
1,79 € / kg

Koorekeeks BALTIX 300g
https://www.e-maxima.ee/SiteImages/Inventory/4/9/8/49867ec1-827f-4732-80f0-8db25b614d58.png?v=20160209.1158
1,35 €
4,50 € / kg

Muffin maasikatäidisega BALTIX 180g
https://www.e-maxima.ee/SiteImages/Inventory/2/e/5/2e5a3601-2a0f-4449-bd28-1b4688300962.png?v=20160209.1158
1,09 €
6,06 € / kg

Muffin šokolaaditäidisega BALTIX 180g
https://www.e-maxima.ee/SiteImages/Inventory/c/b/c/cbc17a21-2e61-4716-ba55-f26bf9bff7e6.png?v=20160209.1158
1,09 €
6,06 € / kg

Võiroos MARTA PAGAR 3x50g
https://www.e-maxima.ee/SiteImages/Inventory/7/0/0/70026695-5e77-41eb-a950-b752de1793a9.png?v=20160209.1158
0,94 €
6,27 € / kg

Marjaampsukas HAGAR 95g
https://www.e-maxima.ee/SiteImages/Inventory/3/b/8/3b8da945-c619-4528-9a42-e8b1b6851922.png?v=20160209.1158
0,95 €
10,00 € / kg

Õunaampsukas  HAGAR 95g
https://www.e-maxima.ee/SiteImages/Inventory/2/4/7/24799189-0bce-431b-b81f-cd16d599a169.png?v=20160209.1158
0,95 €
10,00 € / kg

Pärg kreemi-rosina HAGAR 600g
https://www.e-maxima.ee/SiteImages/Inventory/3/6/9/369541c3-11a2-4775-bcb0-1c7cacc7bbaf.png?v=20160209.1158
1,89 €
3,15 € / kg

Kapsapirukas MARTA PAGAR,2x85g
https://www.e-maxima.ee/SiteImages/Inventory/0/9/e/09edb472-0d27-471f-8035-3e9e6ca99679.png?v=20160209.1158
0,75 €
4,41 € / kg

Liha-riisipirukas MARTA PAGAR,2x100g
https://www.e-maxima.ee/SiteImages/Inventory/d/9/3/d9318f42-ec9c-42ec-b6ad-fa4f7d36bf8a.png?v=20160209.1158
1,05 €
5,25 € / kg

Minimuffin BALTIX, 150g
https://www.e-maxima.ee/SiteImages/Inventory/a/6/0/a60c48c3-bc6d-42b2-9b18-c0d2d3e113c7.png?v=20160209.1158
0,79 €
5,27 € / kg

Kaneelisaiake EESTI PAGAR, 2x55g
https://www.e-maxima.ee/SiteImages/Inventory/5/6/1/561f0a91-8ec3-48b6-977f-cdef2f5bc822.png?v=20160209.1158
0,59 €
5,36 € / kg

Pitsapirukas õlis MARTA PAGAR, 2x90g
https://www.e-maxima.ee/SiteImages/Inventory/c/0/9/c096403d-8bb2-4dbb-bd18-1d0a42c8562d.png?v=20160209.1158
0,96 €
5,33 € / kg

Kaneelipärg HAGAR, 600g
https://www.e-maxima.ee/SiteImages/Inventory/0/b/1/0b1898fa-9492-43ef-9b36-2809423afb0f.png?v=20160209.1158
1,89 €
3,15 € / kg

Küüslauguleivakesed, kg
https://www.e-maxima.ee/SiteImages/Inventory/e/0/d/e0d9c065-5c69-4e85-8cab-c9b3e60442c6.png?v=20160209.1158
5,69 €
5,69 € / kg

Soolaküpsised LU TUC 100g
https://www.e-maxima.ee/SiteImages/Inventory/8/7/4/874e9a29-7642-494f-8d16-42318fd38f09.png?v=20160209.1158
0,80 €
8,00 € / kg

Küpsis LU TUC Paprika 100g
https://www.e-maxima.ee/SiteImages/Inventory/7/3/e/73e8e4d6-5eb4-4355-8d6e-156a8bb358b6.png?v=20160209.1158
0,80 €
8,00 € / kg

NäkileivadFINN CRISP Original Taste 200g
https://www.e-maxima.ee/SiteImages/Inventory/e/c/8/ec84050e-40f7-4acf-b1e0-e1477866a552.png?v=20160209.1158
1,45 €
7,25 € / kg

Näkileivad Finn Crisp Multigrain 175g
https://www.e-maxima.ee/SiteImages/Inventory/0/6/b/06b55027-0b5f-4de1-8075-72ebaaaee071.png?v=20160209.1158
1,49 €
8,51 € / kg

Näkileiv.FINN CRISP Garlic küüslaugu175g
https://www.e-maxima.ee/SiteImages/Inventory/7/c/1/7c11080d-cfb2-445d-98b8-0abc45f61190.png?v=20160209.1158
1,39 €
7,94 € / kg

Küpsis TUC Peekoni LU 100g
https://www.e-maxima.ee/SiteImages/Inventory/f/e/e/fee91153-9c7e-4a44-b705-616c14e9da01.png?v=20160209.1158
0,80 €
8,00 € / kg

Magus krõbe kreeker OPTIMA Linija 150g
https://www.e-maxima.ee/SiteImages/Inventory/9/7/5/975ecc15-8921-44cf-a868-32737b4c2987.png?v=20160209.1158
0,38 €
2,53 € / kg

Soolakreeker OPTIMA Linija 150g
https://www.e-maxima.ee/SiteImages/Inventory/b/7/3/b7374b97-6156-43ac-94e1-d2c4746ad5a4.png?v=20160209.1158
0,38 €
2,53 € / kg

Moonikreeker OPTIMA Linija 150g
https://www.e-maxima.ee/SiteImages/Inventory/d/e/7/de789931-4ed2-4d46-a9e9-a545cae42c03.png?v=20160209.1158
0,38 €
2,53 € / kg

Sibulakreeker OPTIMA Linija 150g
https://www.e-maxima.ee/SiteImages/Inventory/f/0/5/f058e987-fb2a-4922-9743-999ddb4bfd4f.png?v=20160209.1158
0,38 €
2,53 € / kg

Nisuleivakesed RACIO, 130g
https://www.e-maxima.ee/SiteImages/Inventory/8/c/2/8c28590f-fd06-439a-b725-275a47ba67d7.png?v=20160209.1158
0,80 €
6,15 € / kg

Näkileivad FINN CRISP  High-Fibre 200g
https://www.e-maxima.ee/SiteImages/Inventory/7/e/6/7e64442c-6375-476f-9701-02cd61a94620.png?v=20160209.1158
1,52 €
7,60 € / kg

Magusad rõnglid ELTRUM 350g
https://www.e-maxima.ee/SiteImages/Inventory/8/a/7/8a7a5834-f961-43a4-9974-559e887ade1d.png?v=20160209.1158
0,84 €
2,40 € / kg

Moonirõnglid ELTRUM 350g
https://www.e-maxima.ee/SiteImages/Inventory/9/7/5/9755728b-db45-4f56-8e88-376155080916.png?v=20160209.1158
1,29 €
3,69 € / kg

Küüslauguleivad 350g
https://www.e-maxima.ee/SiteImages/Inventory/2/0/4/204f957b-f9aa-4749-9fd0-b9faf5104b96.png?v=20160209.1158
2,03 €
5,80 € / kg

Rosinakuivikud ELTRUM 200g
https://www.e-maxima.ee/SiteImages/Inventory/f/f/3/ff3676d2-2aaa-4bb6-9229-56b04ebbdeda.png?v=20160209.1158
0,69 €
3,45 € / kg

Moonikuivikud ELTRUM 200g
https://www.e-maxima.ee/SiteImages/Inventory/a/3/d/a3de84df-a607-4d63-822e-63c45c2f0ca6.png?v=20160209.1158
0,79 €
3,95 € / kg

Kreeker Soola Kaleidoskop VIKSTAL 250g
https://www.e-maxima.ee/SiteImages/Inventory/6/a/d/6ad4288d-314c-4313-8adc-fc3d424f90f0.png?v=20160209.1158
0,92 €
3,68 € / kg

Rõngik tavaline VIKSTAL 200g
https://www.e-maxima.ee/SiteImages/Inventory/a/b/b/abb72af5-0cb2-4a62-bf2e-42503a17c9f2.png?v=20160209.1158
0,64 €
3,20 € / kg

Valge leiva kuubikud soolased MOGYI, 70g
https://www.e-maxima.ee/SiteImages/Inventory/8/4/0/84062fd1-2d1e-4cda-8266-558fa7ffad70.png?v=20160209.1158
0,29 €
4,14 € / kg

Leiva krõpsud küüslaug. MOGYI,70g
https://www.e-maxima.ee/SiteImages/Inventory/b/2/3/b23c54df-32e3-44f8-990c-795385c98242.png?v=20160209.1158
0,29 €
4,14 € / kg

Näkileivad Original-täisteraruk.WASA275g
https://www.e-maxima.ee/SiteImages/Inventory/1/8/1/181f2267-9798-4162-8d71-ddba048194f4.png?v=20160209.1158
1,53 €
5,56 € / kg

Moonirõngik VIKSTAL 400g
https://www.e-maxima.ee/SiteImages/Inventory/c/7/0/c70cc01d-1bd1-4f65-b01e-e4cfbb09917f.png?v=20160209.1158
1,39 €
3,48 € / kg

Kuivik  rosina VIKSTAL 200g
https://www.e-maxima.ee/SiteImages/Inventory/5/1/f/51f51b3f-c17f-468d-918e-85fb63dc6abb.png?v=20160209.1158
0,79 €
3,95 € / kg

Kuivik  tavaline VIKSTAL 200g
https://www.e-maxima.ee/SiteImages/Inventory/b/0/2/b0208873-ceb3-4a34-a1da-fcfab86faa8f.png?v=20160209.1158
0,69 €
3,45 € / kg

Seesamikõrsik 70g
https://www.e-maxima.ee/SiteImages/Inventory/1/2/d/12dffd1d-d735-4ece-b2e5-25788085f7f7.png?v=20160209.1158
0,25 €
3,57 € / kg

Moonikõrsik  70g
https://www.e-maxima.ee/SiteImages/Inventory/a/8/9/a894c8e6-0502-47fd-bec8-4a3d95af4b48.png?v=20160209.1158
0,25 €
3,57 € / kg

Soolakõrsik 70g
https://www.e-maxima.ee/SiteImages/Inventory/d/d/d/ddda73cb-ccca-4ca0-89d3-795161074949.png?v=20160209.1158
0,25 €
3,57 € / kg

Täisterakreeker ARCOR Salvado 200g
https://www.e-maxima.ee/SiteImages/Inventory/3/3/2/3325c5c7-7fea-4062-bdce-8b3f7d60857f.png?v=20160209.1158
0,90 €
4,50 € / kg

Rõngik glasuuriga ADUGS 200g
https://www.e-maxima.ee/SiteImages/Inventory/9/9/0/9904dff8-ae1a-4cff-aae6-aee2703f9de4.png?v=20160209.1158
0,69 €
3,45 € / kg

Soolakringel-kreeker CROCO MIX 500g
https://www.e-maxima.ee/SiteImages/Inventory/5/6/e/56e3a951-142b-463e-a018-7d0d601d847b.png?v=20160209.1158
2,15 €
4,30 € / kg

Kreeker CROCO Cheese 400g
https://www.e-maxima.ee/SiteImages/Inventory/e/6/d/e6de7762-e7cd-404f-99fa-f2807fb5e385.png?v=20160209.1158
1,85 €
4,63 € / kg

Magus kõrsik, 250g
https://www.e-maxima.ee/SiteImages/Inventory/4/b/a/4ba50788-5c08-410b-b5ff-09daf2b85ad8.png?v=20160209.1158
1,05 €
4,20 € / kg

Küpsis sibula ja hapukoore LU TUC,100g
https://www.e-maxima.ee/SiteImages/Inventory/a/1/1/a1189711-4158-47c1-a50a-67782ba10515.png?v=20160209.1158
0,80 €
8,00 € / kg

Mini rõnglid ELTRUM ,300g
https://www.e-maxima.ee/SiteImages/Inventory/d/1/6/d1618aa0-b6b4-453b-9358-8c7f6855484e.png?v=20160209.1158
1,10 €
3,67 € / kg

Rõngik Mooni VIKSTAL mini, 140g
https://www.e-maxima.ee/SiteImages/Inventory/f/3/e/f3e790e0-9050-4935-9fb1-547a9a29e500.png?v=20160209.1158
0,69 €
4,93 € / kg

Kuivikud rosinatega MINU, 200g
https://www.e-maxima.ee/SiteImages/Inventory/0/a/7/0a727344-10d5-42bc-96dc-b8ba4300693c.png?v=20160209.1158
0,69 €
3,45 € / kg

Vaniljemaitselised kuivikud MINU, 200g
https://www.e-maxima.ee/SiteImages/Inventory/2/3/c/23ca0073-1642-489e-b50c-33f8f0168969.png?v=20160209.1158
0,59 €
2,95 € / kg

Hapuk.-ürdi maits. leivakesed FLINT,35g
https://www.e-maxima.ee/SiteImages/Inventory/c/6/6/c6679ef9-cf59-4571-85a9-6f989abaf56d.png?v=20160209.1158
0,24 €
6,86 € / kg

Peekonimaits. leivakesed FLINT,35g
https://www.e-maxima.ee/SiteImages/Inventory/0/0/6/0060d3b6-71c0-4df5-9de8-20f737557cd5.png?v=20160209.1158
0,24 €
6,86 € / kg

Salaamimaits. rukkileivakesed FLINT,35g
https://www.e-maxima.ee/SiteImages/Inventory/3/1/f/31fea203-0562-4435-97d9-89866f36642a.png?v=20160209.1158
0,24 €
6,86 € / kg

Küpsis juustuga LU TUC Mini, 100g
https://www.e-maxima.ee/SiteImages/Inventory/a/d/5/ad5e037e-890d-4749-8b16-3025ceac7b6a.png?v=20160209.1158
0,79 €
7,90 € / kg

Soolased kringlid CROCO, 300g
https://www.e-maxima.ee/SiteImages/Inventory/2/0/c/20ca8452-4559-446b-b540-3ed31d50ac39.png?v=20160209.1158
1,74 €
5,80 € / kg

Kuivikud sukaadiga ADUGS, 500g
https://www.e-maxima.ee/SiteImages/Inventory/f/2/b/f2bdd340-9694-4cbc-9626-0aea07cff316.png?v=20160209.1158
2,14 €
4,28 € / kg

Soolakõrsik SALTLETTS, 150 g
https://www.e-maxima.ee/SiteImages/Inventory/c/a/f/caf0a6da-b197-4871-a561-820b4a2c64da.png?v=20160209.1158
0,91 €
6,07 € / kg

Küüslauguleib Bred Star, 110g
https://www.e-maxima.ee/SiteImages/Inventory/a/8/4/a848cff9-909a-4ce5-b0b8-48f4471f7027.png?v=20160209.1158
0,79 €
7,18 € / kg

Juustu-sibulaleib Bred Star, 110g
https://www.e-maxima.ee/SiteImages/Inventory/f/0/8/f08d915a-73b0-4ec9-ac3d-79c8808deb82.png?v=20160209.1158
0,79 €
7,18 € / kg

Riisivahvlid meresoolaga, 100g+20g
https://www.e-maxima.ee/SiteImages/Inventory/3/e/1/3e1ef061-0c23-41ca-9078-f933fe4ffc3c.png?v=20160209.1158
0,99 €
9,90 € / kg

Riisivahvlid tumeda šokolaadiga, 90g
https://www.e-maxima.ee/SiteImages/Inventory/5/d/c/5dcf0a29-04f6-40a8-b5b3-af54c0f09baa.png?v=20160209.1158
1,29 €
14,33 € / kg

Šokol.batoonike Kismet FAZER 55g
https://www.e-maxima.ee/SiteImages/Inventory/4/f/7/4f70a813-0111-419f-a477-810a3af3c039.png?v=20160209.1158
0,69 €
12,55 € / kg

Vahvlitort Kafijas ADUGS, 320g
https://www.e-maxima.ee/SiteImages/Inventory/f/1/5/f1526e71-7a8f-456b-888d-ebe1865cb7fc.png?v=20160209.1158
1,24 €
3,88 € / kg

Vahvlitort Mersi,kiles ADUGS 320g
https://www.e-maxima.ee/SiteImages/Inventory/f/f/1/ff190dc5-e023-4ee5-8cfe-973074c5756c.png?v=20160209.1158
1,29 €
4,03 € / kg

Vahvlid  Bakker Joop   315g
https://www.e-maxima.ee/SiteImages/Inventory/8/3/a/83a59fee-db95-4bb7-86e7-09c696372fc1.png?v=20160209.1158
1,79 €
5,68 € / kg

Batoonike KitKat ChunKy NESTLE 40g
https://www.e-maxima.ee/SiteImages/Inventory/f/6/2/f6203c23-2c1c-49c5-8029-d69026d8c1bd.png?v=20160209.1158
0,45 €
11,25 € / kg

Vahvel Madara ADUGS koorega 185g
https://www.e-maxima.ee/SiteImages/Inventory/9/d/c/9dc93eb2-d39b-4def-9656-959dacbd630e.png?v=20160209.1158
0,87 €
4,70 € / kg

Vahvel Madara ADUGS šokolaadiga 185g
https://www.e-maxima.ee/SiteImages/Inventory/9/6/9/96956c12-7c6d-46c8-bb15-0ed7e82d1d10.png?v=20160209.1158
0,87 €
4,70 € / kg

Pehmed vahvlid PRALINE,250g
https://www.e-maxima.ee/SiteImages/Inventory/f/5/5/f55b0f57-c2fd-4614-9013-acdda1cdf08d.png?v=20160209.1158
1,25 €
5,00 € / kg

Šok.batoonike Kismet Marianne FAZER 55g
https://www.e-maxima.ee/SiteImages/Inventory/d/5/7/d574a602-906c-463d-b405-e341bf03b666.png?v=20160209.1158
0,69 €
12,55 € / kg

Vahvlid kakaot.-šokolaadigl. MILKA, 30g
https://www.e-maxima.ee/SiteImages/Inventory/f/3/0/f304c42a-449b-43b4-bb49-bffe3cbee144.png?v=20160209.1158
0,35 €
11,67 € / kg

Batoonike pähkli.KitKatChunky NESTLE 42g
https://www.e-maxima.ee/SiteImages/Inventory/a/7/a/a7aa545d-95bd-498b-b9ec-0cece5820aa1.png?v=20160209.1158
0,45 €
10,71 € / kg

Vaniljemait. vahvlipala Suffeli, 215g
https://www.e-maxima.ee/SiteImages/Inventory/3/2/2/322acf8a-d49c-4cb9-9e18-c7c769aa0f23.png?v=20160209.1158
2,65 €
12,33 € / kg

Šok.maits.kreemiga vahvlid MESIKÄPP,250g
https://www.e-maxima.ee/SiteImages/Inventory/c/9/2/c923da26-05de-48bf-979a-45de8760032b.png?v=20160209.1158
1,99 €
7,96 € / kg

Vanillimait.kreemiga vahvlidMESIKÄPP250g
https://www.e-maxima.ee/SiteImages/Inventory/b/1/b/b1b1159a-a4a0-4986-af5b-7cc208c51d1c.png?v=20160209.1158
1,99 €
7,96 € / kg

Vahvel DINO kakaotäidis.tum.šok.40g
https://www.e-maxima.ee/SiteImages/Inventory/5/4/d/54da9e97-1ef7-496c-aaba-cf59835b7e34.png?v=20160209.1158
0,19 €
4,75 € / kg

Vahvel DINO pähklimaits. täidis. 40g
https://www.e-maxima.ee/SiteImages/Inventory/8/c/3/8c3c60a9-9694-47e9-b3cb-282bfbfc6c5e.png?v=20160209.1158
0,19 €
4,75 € / kg

Vahvlid FAVORIT šok.maits.täidis.170g
https://www.e-maxima.ee/SiteImages/Inventory/7/6/6/7660be76-afbc-408d-be0e-7bf9a0a36f84.png?v=20160209.1158
0,59 €
3,47 € / kg

Vahvlid FAVORIT piimamaits.täidis.170g
https://www.e-maxima.ee/SiteImages/Inventory/c/2/c/c2c9456d-4bb0-4fde-9e0d-4ff6e6d1be91.png?v=20160209.1158
0,59 €
3,47 € / kg

Vahvlid FAVORIT pähklimaits.täidis.170g
https://www.e-maxima.ee/SiteImages/Inventory/b/5/3/b538c9bc-f5fa-496b-a62a-990a862646b5.png?v=20160209.1158
0,59 €
3,47 € / kg

Vahvel Magic 4 kakaomaits. šoko., 45g
https://www.e-maxima.ee/SiteImages/Inventory/d/f/a/dfa544ad-cee7-4017-8114-65a9aded4af4.png?v=20160209.1158
0,32 €
7,11 € / kg

Pehme vahvel KUCHENMEISTER , 165g
https://www.e-maxima.ee/SiteImages/Inventory/c/b/3/cb3f125b-1eb0-43ec-a380-d48a4886bbd2.png?v=20160209.1158
1,14 €
6,91 € / kg

Vahvlitorukesed vanil.kreemiga TAGO 160g
https://www.e-maxima.ee/SiteImages/Inventory/1/1/1/111dfe64-75b5-4246-88b8-dd94404b1d61.png?v=20160209.1158
1,09 €
6,81 € / kg

Vahvlitorukesed kakaokreemiga TAGO, 160g
https://www.e-maxima.ee/SiteImages/Inventory/2/f/c/2fc3e7a1-af81-4287-b3d1-4ccce06feafb.png?v=20160209.1158
1,09 €
6,81 € / kg

Vahvlitoruke kondenspiim.VAHVLITUUTU, kg
https://www.e-maxima.ee/SiteImages/Inventory/2/f/3/2f3dd71a-8d55-4c14-aa0c-fa425092a216.png?v=20160209.1158
6,19 €
6,19 € / kg

Kakaoküps. Domino LU van.mait.t.175g
https://www.e-maxima.ee/SiteImages/Inventory/1/6/2/1629f536-add8-4244-9aa3-729f38afd055.png?v=20160209.1158
1,15 €
6,57 € / kg

Mini-rullbiskviit maasika KOVIS 175g
https://www.e-maxima.ee/SiteImages/Inventory/b/f/9/bf9ac05a-b92e-49eb-aedb-edde2f4350a2.png?v=20160209.1158
0,79 €
4,51 € / kg

Mini-rullbiskviit aprikoosi KOVIS 175g
https://www.e-maxima.ee/SiteImages/Inventory/b/6/2/b6236deb-27db-4705-a063-04a86ea716d6.png?v=20160209.1158
0,79 €
4,51 € / kg

Küpsis LU Domino 350g
https://www.e-maxima.ee/SiteImages/Inventory/1/f/d/1fd745c7-bdcc-428f-a1fd-ac0b65c1d60e.png?v=20160209.1158
2,10 €
6,00 € / kg

Mini-rullbiskviit metsamarja KOVIS 175g
https://www.e-maxima.ee/SiteImages/Inventory/f/f/b/ffbe7973-7269-4af7-be9b-1b47c3f38575.png?v=20160209.1158
0,79 €
4,51 € / kg

Sarvesai kakaokreemiga Midi 7DAYS 60g
https://www.e-maxima.ee/SiteImages/Inventory/8/1/4/814e6b75-382d-4722-977f-6c702d2a83f0.png?v=20160209.1158
0,44 €
7,33 € / kg

Taani võiküpsised roosidega, 454g
https://www.e-maxima.ee/SiteImages/Inventory/8/0/9/809e21cb-bbe4-4086-9fa0-2917ed944eb1.png?v=20160209.1158
5,39 €
11,87 € / kg

Külapräänikud ADUGS, 250g
https://www.e-maxima.ee/SiteImages/Inventory/7/2/7/727dbe48-7ee7-404e-a9b2-646954b8d9d6.png?v=20160209.1158
0,58 €
2,32 € / kg

Präänik Küla ADUGS,kg
https://www.e-maxima.ee/SiteImages/Inventory/1/8/9/18970afe-6834-4ccc-bef1-dcff3112ae57.png?v=20160209.1158
2,09 €
2,09 € / kg

Kringlid HAMLET 300g
https://www.e-maxima.ee/SiteImages/Inventory/8/3/c/83cf732a-85d7-4efb-aa68-0dcee794831f.png?v=20160209.1158
1,29 €
4,30 € / kg

Küpsis OPTIMA LINIJA 155g
https://www.e-maxima.ee/SiteImages/Inventory/5/8/f/58f40973-af6b-4b70-b761-589eb73ea6e1.png?v=20160209.1158
0,30 €
1,94 € / kg

Küpsis EKSTRA 180g
https://www.e-maxima.ee/SiteImages/Inventory/7/2/d/72d38910-4a1b-441e-83c1-9f5a397673b2.png?v=20160209.1158
0,55 €
3,06 € / kg

Täisteraküpsised Digestive LU 400g
https://www.e-maxima.ee/SiteImages/Inventory/f/d/6/fd6c2f75-5aa8-404a-93cb-83a1dba1a8de.png?v=20160209.1158
1,57 €
3,93 € / kg

Rosinaküpsis Tallinn Balti Sepik 180g
https://www.e-maxima.ee/SiteImages/Inventory/6/8/0/680e6617-d26e-48fb-96ed-c5346ec1b560.png?v=20160209.1158
1,01 €
5,61 € / kg

Küpsis AmericanCookies šok.tükkidega150g
https://www.e-maxima.ee/SiteImages/Inventory/2/9/0/290eebae-a38c-47a0-81b0-98f4b8226938.png?v=20160209.1158
0,84 €
5,60 € / kg

Valeri küpsised ELTRUM,kg
https://www.e-maxima.ee/SiteImages/Inventory/5/c/f/5cf8fc5d-0acd-4357-bdc8-db3803b3de4f.png?v=20160209.1158
4,44 €
4,44 € / kg

Magus küpsis Karapuz VIKSTAL 400g
https://www.e-maxima.ee/SiteImages/Inventory/7/a/b/7ab02dbd-94ac-4e25-9415-dc2623b59569.png?v=20160209.1158
1,22 €
3,05 € / kg

Rosinaküpsis KALEV,165g
https://www.e-maxima.ee/SiteImages/Inventory/d/9/b/d9b23a7a-bf20-48ce-9daa-80f34808e526.png?v=20160209.1158
0,55 €
3,33 € / kg

Biskviitküpsis šok.täidis.Barni LU 30g
https://www.e-maxima.ee/SiteImages/Inventory/3/9/3/39334136-3e72-4b5b-9cdd-94ba5f88887e.png?v=20160209.1158
0,31 €
10,33 € / kg

Biskviitküpsis šok.täidis.Barni LU 150g
https://www.e-maxima.ee/SiteImages/Inventory/9/a/6/9a6d8717-b1c7-4e89-8169-bc7a20e257d2.png?v=20160209.1158
1,37 €
9,13 € / kg

Vaniljemaitselised präänikud ADUGS, 250g
https://www.e-maxima.ee/SiteImages/Inventory/5/7/6/576653f3-89da-45af-8bcd-0b249aa4836f.png?v=20160209.1158
0,58 €
2,32 € / kg

Präänikud kirsimait.täidisega ADUGS 250g
https://www.e-maxima.ee/SiteImages/Inventory/3/f/b/3fb6b23b-2b07-4e95-86b0-0ab2e214e941.png?v=20160209.1158
0,67 €
2,68 € / kg

Kaeraküpsis ADUGS,kg             
https://www.e-maxima.ee/SiteImages/Inventory/c/d/c/cdc90a53-91d9-4d29-bd12-c9532429dbea.png?v=20160209.1158
2,75 €
2,75 € / kg

Biskviitküpsis piimatäidis.Barni LU 30g
https://www.e-maxima.ee/SiteImages/Inventory/1/c/0/1c087740-102d-4b99-b13e-9e4454c02377.png?v=20160209.1158
0,31 €
10,33 € / kg

Biskviitküpsis piimatäidis.Barni LU 150g
https://www.e-maxima.ee/SiteImages/Inventory/5/5/b/55b70525-5b04-40c2-b2da-ecd194f295a8.png?v=20160209.1158
1,37 €
9,13 € / kg

Küpsised rosinatega ADUGS 400g
https://www.e-maxima.ee/SiteImages/Inventory/f/1/b/f1b42e74-9c0a-4c9c-9130-b60b4faeab8c.png?v=20160209.1158
1,26 €
3,15 € / kg

Küpsised rosinate-mooniseemnet.ADUGS400g
https://www.e-maxima.ee/SiteImages/Inventory/1/f/5/1f515571-4ea6-4e7a-ba31-d0c287e10aaa.png?v=20160209.1158
1,28 €
3,20 € / kg

Küpsised Svetlana 800g
https://www.e-maxima.ee/SiteImages/Inventory/f/6/2/f62d489b-0b1f-45fa-975c-56c720236fc8.png?v=20160209.1158
2,69 €
3,36 € / kg

Präänik Tuula kondenspiima täidis.140g
https://www.e-maxima.ee/SiteImages/Inventory/2/b/f/2bfdb8e4-dcba-4015-95d8-41edfcf8aa64.png?v=20160209.1158
0,65 €
4,64 € / kg

Präänik Tuula puuvilja täidisega 140g
https://www.e-maxima.ee/SiteImages/Inventory/3/a/3/3a3ac370-f973-4af8-9c6c-43408c0def77.png?v=20160209.1158
0,65 €
4,64 € / kg

Küpsis šokolaadigl.-piimat. MILKA, 150g
https://www.e-maxima.ee/SiteImages/Inventory/1/2/6/126f1d89-601e-4ebc-b36e-19221c7b791a.png?v=20160209.1158
1,15 €
7,67 € / kg

Küpsised BELVITA pähkl. ja meega 300g
https://www.e-maxima.ee/SiteImages/Inventory/7/1/d/71db0fdc-fc82-4fa4-b4cd-095d9d8f32d3.png?v=20160209.1158
1,95 €
6,50 € / kg

Kupsised MILKA Jaffa vaarika, 147g
https://www.e-maxima.ee/SiteImages/Inventory/a/e/f/aefa593e-c418-46b7-8700-8e2ab8202ca8.png?v=20160209.1158
1,15 €
7,82 € / kg

Kupsised MILKA Jaffa apelsini, 147g
https://www.e-maxima.ee/SiteImages/Inventory/c/e/7/ce73aee2-558f-4ce2-b78a-572212690ff2.png?v=20160209.1158
1,15 €
7,82 € / kg

Šokolaadiküpsised MAXIMA FAVORIT,160g
https://www.e-maxima.ee/SiteImages/Inventory/5/9/8/5986e121-c481-410f-a633-d68f02890c00.png?v=20160209.1158
0,43 €
2,69 € / kg

Kondenspiimam.küps.MAXIMA FAVORIT,160g
https://www.e-maxima.ee/SiteImages/Inventory/d/1/5/d153d13b-45e9-4fe1-8dd8-3dad70bf44c6.png?v=20160209.1158
0,43 €
2,69 € / kg

Iiri kreem.kupsised MAXIMA FAVORIT,160g
https://www.e-maxima.ee/SiteImages/Inventory/3/e/f/3ef340a1-5cf8-46b3-97c1-45eedc9dcf7a.png?v=20160209.1158
0,43 €
2,69 € / kg

Präänik ADUGS kirsimaits.täidis.,kg
https://www.e-maxima.ee/SiteImages/Inventory/0/c/e/0ce4cb7a-5214-494d-85ff-5b6e2c7a11d2.png?v=20160209.1158
2,29 €
2,29 € / kg

Koorevahvel ADUGS, kg
https://www.e-maxima.ee/SiteImages/Inventory/8/c/9/8c9b86f3-e593-4d4c-948e-17b9b08b6624.png?v=20160209.1158
3,99 €
3,99 € / kg

Küpsis Elysee ADUGS, 500g
https://www.e-maxima.ee/SiteImages/Inventory/b/c/7/bc77680f-2831-441d-8dd3-0b176b523bd3.png?v=20160209.1158
2,29 €
4,58 € / kg

Präänikud tradits. OPTIMA LINIJA, 200g
https://www.e-maxima.ee/SiteImages/Inventory/7/8/5/785005f3-775e-47c7-b74a-e49d6acc5f17.png?v=20160209.1158
0,40 €
2,00 € / kg

Sarvesai kakao-vaniljemaits. 7DAYS, 60g
https://www.e-maxima.ee/SiteImages/Inventory/a/2/2/a228783a-7af9-4147-aa0a-b8fc90ddd31f.png?v=20160209.1158
0,44 €
7,33 € / kg

Sarvesai vanilje-murelimaits. 7DAYS, 60g
https://www.e-maxima.ee/SiteImages/Inventory/4/1/9/419df50c-42f6-4367-9dfc-1dab7f18d210.png?v=20160209.1158
0,44 €
7,33 € / kg

Küpsised DIGESTIVE, 400g
https://www.e-maxima.ee/SiteImages/Inventory/7/d/7/7d7f5a8d-22a5-4022-bedc-ac279280784f.png?v=20160209.1158
1,34 €
3,35 € / kg

Küpsis Butter cookies (32% võid), 130g
https://www.e-maxima.ee/SiteImages/Inventory/3/4/2/3427baee-05bf-4cfb-befd-a92797a5727a.png?v=20160209.1158
0,99 €
7,62 € / kg

Küpsised BELVITA metsamarjatükk., 300g
https://www.e-maxima.ee/SiteImages/Inventory/0/5/d/05d8c19c-974f-411d-a5ee-d5dc936222b6.png?v=20160209.1158
1,95 €
6,50 € / kg

Pulgakesed suhkruga DELICADEZA, 125g
https://www.e-maxima.ee/SiteImages/Inventory/0/2/9/0296491f-25ee-4c73-b3c5-220338b86092.png?v=20160209.1158
1,05 €
8,40 € / kg

Küpsis vanillim.täidis.MesikäppDOPS,210g
https://www.e-maxima.ee/SiteImages/Inventory/a/b/f/abf25349-68cd-4b8f-b11c-8bb11f9d81f2.png?v=20160209.1158
1,55 €
7,38 € / kg

Küpsis kakaom.kreemit.Mesikäpp DOPS,210g
https://www.e-maxima.ee/SiteImages/Inventory/f/f/1/ff1df454-06a0-4b90-b4ce-db046692534c.png?v=20160209.1158
1,55 €
7,38 € / kg

Piimaküpsis ALJONKA, 190g
https://www.e-maxima.ee/SiteImages/Inventory/2/3/7/23765d12-a3a3-4c37-bba0-11d518303511.png?v=20160209.1158
0,79 €
4,16 € / kg

Küpsetuspulber SANTA MARIA 45g
https://www.e-maxima.ee/SiteImages/Inventory/1/4/3/1436857d-8c64-4cbf-979a-5578b70fe079.png?v=20160209.1158
0,39 €
8,67 € / kg

Lehttaigen MANTINGA, 500g külmutatud
https://www.e-maxima.ee/SiteImages/Inventory/9/9/a/99a08588-1cbb-4ab2-a979-07e67603c221.png?v=20160209.1158
0,89 €
1,78 € / kg

Hele tordipõhi 3-kih. KUCHEN MEISTER400g
https://www.e-maxima.ee/SiteImages/Inventory/8/1/0/810f5fa5-d41f-4b76-961f-75fff262254b.png?v=20160209.1158
2,29 €
5,73 € / kg

Söögisooda 500g
https://www.e-maxima.ee/SiteImages/Inventory/5/5/f/55fcd973-90d5-4d82-88be-0ef76b5997bf.png?v=20160209.1158
0,50 €
1,00 € / kg

Sidrunhape SALDUKAS 500g
https://www.e-maxima.ee/SiteImages/Inventory/4/f/2/4f2a36e7-247d-44e4-a8be-f5f46c312099.png?v=20160209.1158
2,00 €
4,00 € / kg

Küpsetuspulber DR.OETKER, 30g
https://www.e-maxima.ee/SiteImages/Inventory/b/3/0/b302af3e-115e-4750-84d8-d9dcaffea136.png?v=20160209.1158
0,31 €
10,33 € / kg

Vanillim.pudingu pulber DR.OETKER, 40g
https://www.e-maxima.ee/SiteImages/Inventory/a/1/e/a1e9ec91-b3e0-49d8-8711-917d79211dd8.png?v=20160209.1158
0,30 €
7,50 € / kg

Vanillim.tordikreemi pulb.DR.OETKER,120g
https://www.e-maxima.ee/SiteImages/Inventory/b/e/c/becfcd6b-ca5f-45ac-a6df-3b991831d1e2.png?v=20160209.1158
1,20 €
10,00 € / kg

Kirsimaits.tarretis OPTIMA LINIJA,80g
https://www.e-maxima.ee/SiteImages/Inventory/9/3/6/9363383e-30ef-4ff6-b028-b0b900a91cfa.png?v=20160209.1158
0,36 €
4,50 € / kg

Jõhvikamaits.tarretis OPTIMA LINIJA 80g
https://www.e-maxima.ee/SiteImages/Inventory/f/5/a/f5aef197-29ad-4957-9b6f-93e6ee0ef833.png?v=20160209.1158
0,36 €
4,50 € / kg

Kiivimaits.tarretis OPTIMA LINIJA 80g
https://www.e-maxima.ee/SiteImages/Inventory/1/d/1/1d11439b-7e0d-4e99-a617-d24fc9c39c97.png?v=20160209.1158
0,36 €
4,50 € / kg

Sidrunimaits.tarretis OPTIMA LINIJA 80g
https://www.e-maxima.ee/SiteImages/Inventory/6/a/7/6a765e11-d30f-40e6-a9b5-aa952f97bdc5.png?v=20160209.1158
0,36 €
4,50 € / kg

Maasikamaits.tarretis OPTIMA LINIJA 80g
https://www.e-maxima.ee/SiteImages/Inventory/2/f/f/2ff332fa-16d5-4070-9855-fdfcb8b3accd.png?v=20160209.1158
0,36 €
4,50 € / kg

Apelsinimaits.tarretis OPTIMA LINIJA 80g
https://www.e-maxima.ee/SiteImages/Inventory/2/4/0/24051efe-e766-4b66-bf25-e443ebf825e8.png?v=20160209.1158
0,36 €
4,50 € / kg

Vaarikamaits.kissell OPTIMA linija 85g
https://www.e-maxima.ee/SiteImages/Inventory/e/f/d/efd85162-a7ae-4e1c-a044-eb69ad557068.png?v=20160209.1158
0,37 €
4,35 € / kg

Jõhvikamaits.kissell OPTIMA linija 85g
https://www.e-maxima.ee/SiteImages/Inventory/f/9/5/f95283ce-783a-44cc-887d-9c0ddcdc9d33.png?v=20160209.1158
0,39 €
4,59 € / kg

Sidrunhape OPTIMA LINIJA 40g
https://www.e-maxima.ee/SiteImages/Inventory/f/7/1/f71dec6e-6032-49e2-8a71-1a03593cfe40.png?v=20160209.1158
0,23 €
5,75 € / kg

Želatiin OPTIMA LINIJA 20g
https://www.e-maxima.ee/SiteImages/Inventory/3/d/5/3d5cf4e1-61e1-48b9-81a8-31773e399bbf.png?v=20160209.1158
0,22 €
11,00 € / kg

Küpsetuspulber OPTIMA LINIJA 30g
https://www.e-maxima.ee/SiteImages/Inventory/4/8/e/48e52391-9636-4883-acdc-3127fe8e1149.png?v=20160209.1158
0,19 €
6,33 € / kg

Želatiin SANTA MARIA 25g
https://www.e-maxima.ee/SiteImages/Inventory/7/4/d/74d1e258-6206-48ab-9ebe-8ff74d25bb5b.png?v=20160209.1158
0,64 €
25,60 € / kg

Sidrunhape SANTA MARIA 30g
https://www.e-maxima.ee/SiteImages/Inventory/5/a/4/5a46d18f-8b2b-460a-95c5-2a78fd2d941e.png?v=20160209.1158
0,39 €
13,00 € / kg

Pärm Nordic 50g (Läti)
https://www.e-maxima.ee/SiteImages/Inventory/7/a/e/7ae81430-f4a6-475e-b99f-a6cbe17c0997.png?v=20160209.1158
0,14 €
2,80 € / kg

Pärmi-lehetaigen  EESTI PAGAR,500g külm.
https://www.e-maxima.ee/SiteImages/Inventory/5/8/8/5885aa22-f786-4e71-baed-b8db793b6227.png?v=20160209.1158
1,25 €
2,50 € / kg

Kartulitärklis OPTIMA LINIJA 400g
https://www.e-maxima.ee/SiteImages/Inventory/2/8/5/2857e3f0-f42c-4f94-9c17-a03ad699e65a.png?v=20160209.1158
0,49 €
1,23 € / kg

Salatikorvike ELTRUM 300g
https://www.e-maxima.ee/SiteImages/Inventory/6/d/7/6d7199ca-b2d0-47b4-8760-3b060273d711.png?v=20160209.1158
2,88 €
9,60 € / kg

Lehtzelatiin MEIRA, 20g
https://www.e-maxima.ee/SiteImages/Inventory/c/b/b/cbb824e9-ff2f-4e2c-a583-16895adfcf7e.png?v=20160209.1158
1,39 €
69,50 € / kg

Vaarikam.tarretis MAXIMA FAVORIT,80g
https://www.e-maxima.ee/SiteImages/Inventory/3/1/a/31a60a66-e9af-47d2-9b39-4f3e508230bb.png?v=20160209.1158
0,42 €
5,25 € / kg

Kirsimaits.tarretis MAXIMA FAVORIT,80g
https://www.e-maxima.ee/SiteImages/Inventory/1/7/8/1783ca46-09dd-4685-a3e0-65108306a871.png?v=20160209.1158
0,42 €
5,25 € / kg

Apelsinim.tarretis MAXIMA FAVORIT,80g
https://www.e-maxima.ee/SiteImages/Inventory/a/5/7/a572d09b-7da4-4ccc-b490-06456ead3fd9.png?v=20160209.1158
0,42 €
5,25 € / kg

Lehttainas MAXIMA FAVORIT, 500g külm.
https://www.e-maxima.ee/SiteImages/Inventory/a/b/3/ab33d0c2-3802-4b1e-b219-1958d9730dfd.png?v=20160209.1158
0,75 €
1,50 € / kg

Pärmi-lehttain.MAXIMA FAVORIT,500g külm.
https://www.e-maxima.ee/SiteImages/Inventory/c/5/8/c5833979-796d-4486-958e-e0703a166558.png?v=20160209.1158
0,75 €
1,50 € / kg

Tume küpsetusšokolaad KALEV 70% 200g
https://www.e-maxima.ee/SiteImages/Inventory/f/7/4/f743b2ad-144c-490a-9fcf-4fb75d341938.png?v=20160209.1158
2,19 €
10,95 € / kg

Valge küpsetusšokolaad KALEV 200g
https://www.e-maxima.ee/SiteImages/Inventory/7/5/e/75eec957-221c-4947-93d9-5b5b425ddc22.png?v=20160209.1158
2,19 €
10,95 € / kg

Piima-küpsetusšokolaad KALEV 200g
https://www.e-maxima.ee/SiteImages/Inventory/9/d/0/9d0abebf-5ef1-4357-8316-6b648cdc2692.png?v=20160209.1158
2,15 €
10,75 € / kg

Kartulitarklis MAXIMA FAVORIT 400g
https://www.e-maxima.ee/SiteImages/Inventory/c/3/c/c3ce1e16-a0f9-4dbb-9877-63d90a311440.png?v=20160209.1158
0,65 €
1,63 € / kg

Tumeda glasuuri nööbid ODENSE 200g
https://www.e-maxima.ee/SiteImages/Inventory/d/d/6/dd6bd038-39db-4a27-b91a-dc341e8a440c.png?v=20160209.1158
1,99 €
9,95 € / kg

Šokolaadiströssel MEIRA 106g
https://www.e-maxima.ee/SiteImages/Inventory/1/3/c/13c0a6ee-7ecd-4098-b45e-0d7135aae208.png?v=20160209.1158
3,49 €
32,92 € / kg

Värviline strössel MEIRA 104g
https://www.e-maxima.ee/SiteImages/Inventory/7/1/1/711ef726-bbe2-4684-af5c-bd0927903882.png?v=20160209.1158
2,89 €
27,79 € / kg

Värviline nonparell MEIRA 127g
https://www.e-maxima.ee/SiteImages/Inventory/f/f/b/ffb76cea-9596-495a-8fbe-52c02e2be749.png?v=20160209.1158
2,89 €
22,76 € / kg

Kuivpärm Veski Mati 11g
https://www.e-maxima.ee/SiteImages/Inventory/b/d/d/bdd9354c-f793-406f-8074-7455ff0130ec.png?v=20160209.1158
0,44 €
40,00 € / kg

Purpur nonparell MEIRA 127g
https://www.e-maxima.ee/SiteImages/Inventory/2/f/c/2fc62a30-928f-42dc-b27d-900435a8f10b.png?v=20160209.1158
4,45 €
35,04 € / kg

Kaunistuspärlid tsirkus MEIRA 70g
https://www.e-maxima.ee/SiteImages/Inventory/6/4/8/6485a1bf-c583-4d89-91d1-b5bedb0c0976.png?v=20160209.1158
4,45 €
63,57 € / kg

Šokolaadimaitselised graanulid MEIRA 88g
https://www.e-maxima.ee/SiteImages/Inventory/f/9/d/f9d5aa9d-afb9-44f6-b63d-47d23f8fbfdf.png?v=20160209.1158
4,45 €
50,57 € / kg

Leivasiirup DAN SUKKER 750g
https://www.e-maxima.ee/SiteImages/Inventory/4/f/a/4fafccaa-8477-49f7-9c74-c850f60a3c2c.png?v=20160209.1158
1,79 €
2,39 € / kg

Veinhape MEIRA 25g
https://www.e-maxima.ee/SiteImages/Inventory/0/b/e/0be0fa70-5369-4758-97d0-f6360962ff56.png?v=20160209.1158
1,19 €
47,60 € / kg

Vinegrett, kg
https://www.e-maxima.ee/SiteImages/Inventory/3/b/e/3beb393f-cdd9-494e-a57d-47bc98a08470.png?v=20160209.1158
2,90 €
2,90 € / kg

Korea porgandisalat, kg
https://www.e-maxima.ee/SiteImages/Inventory/1/4/6/14694e24-5067-4ef6-90c8-166fd64968d2.png?v=20160209.1158
3,39 €
3,39 € / kg

Lihasalat, kg
https://www.e-maxima.ee/SiteImages/Inventory/6/1/1/6118bb5f-ae0f-448a-a9c4-31404cff73db.png?v=20160209.1158
4,99 €
4,99 € / kg

Krabilihasalat, kg
https://www.e-maxima.ee/SiteImages/Inventory/2/5/4/25417470-8c28-43e2-af47-c905ef117546.png?v=20160209.1158
3,55 €
3,55 € / kg

Värskekapsasalat, kg
https://www.e-maxima.ee/SiteImages/Inventory/d/2/a/d2a55cf6-89a2-4107-a94f-8f9da4810b58.png?v=20160209.1158
1,79 €
1,79 € / kg

Salat Kasukas, kg
https://www.e-maxima.ee/SiteImages/Inventory/9/d/e/9de2a64f-7ec5-48d6-843d-1d4051d892a3.png?v=20160209.1158
4,49 €
4,49 € / kg

Baklažaanisalat maitserohelisega, kg
https://www.e-maxima.ee/SiteImages/Inventory/8/e/d/8ede533a-8f87-4602-abeb-e443fab8dca6.png?v=20160209.1158
8,69 €
8,69 € / kg

Oa-suitsukanasalat, kg
https://www.e-maxima.ee/SiteImages/Inventory/c/f/b/cfbb4507-4e29-4fe3-990b-bbfa7ad8d9a9.png?v=20160209.1158
5,15 €
5,15 € / kg

Rosolje, kg
https://www.e-maxima.ee/SiteImages/Inventory/0/8/2/08245df0-2b85-46ec-91a2-441dad9c1423.png?v=20160209.1158
3,68 €
3,68 € / kg

Peedisalat küüslauguga, kg
https://www.e-maxima.ee/SiteImages/Inventory/f/5/8/f5890719-e68c-4802-91b4-cb7adb647284.png?v=20160209.1158
2,45 €
2,45 € / kg

Lihtne kartulisalat, kg
https://www.e-maxima.ee/SiteImages/Inventory/6/e/8/6e8d29a6-0d04-4cf6-89f7-9ce7642d2fc0.png?v=20160209.1158
2,49 €
2,49 € / kg

Kartuli - vorstisalat, kg
https://www.e-maxima.ee/SiteImages/Inventory/9/a/b/9abcd946-1718-4e73-aa55-705affc8ce9a.png?v=20160209.1158
3,29 €
3,29 € / kg

Caesari salat, kg
https://www.e-maxima.ee/SiteImages/Inventory/d/0/8/d080f929-6e27-45e4-9047-870919027054.png?v=20160209.1158
8,59 €
8,59 € / kg

Juustu-puuviljasalat, kg
https://www.e-maxima.ee/SiteImages/Inventory/2/c/2/2c2478f4-cbad-4f5a-a469-2316078a9534.png?v=20160209.1158
4,99 €
4,99 € / kg

Kanasalat karriga, kg
https://www.e-maxima.ee/SiteImages/Inventory/9/a/9/9a92f4c7-5143-42e6-a9c6-a25bfaa13356.png?v=20160209.1158
5,99 €
5,99 € / kg

Tursamaksasalat, kg
https://www.e-maxima.ee/SiteImages/Inventory/0/d/5/0d50cdb0-1383-4ff4-852b-b1856a8487e3.png?v=20160209.1158
6,85 €
6,85 € / kg

Kännuseenesalat, kg
https://www.e-maxima.ee/SiteImages/Inventory/4/4/4/444ff89a-a608-4b6c-86ac-0af9a62adbef.png?v=20160209.1158
6,45 €
6,45 € / kg

Kirsimaitseline želee, kg
https://www.e-maxima.ee/SiteImages/Inventory/2/b/5/2b59c550-9b65-431e-a2a6-4417e7fc78d8.png?v=20160209.1158
2,99 €
2,99 € / kg

Keedetud riis, kg
https://www.e-maxima.ee/SiteImages/Inventory/9/c/e/9ceda9db-33c1-4407-8507-86f93e415468.png?v=20160209.1158
1,79 €
1,79 € / kg

Keedetud tatar, kg
https://www.e-maxima.ee/SiteImages/Inventory/d/b/a/dba519f3-35f8-4111-8fe1-f2d11a4c14fc.png?v=20160209.1158
1,69 €
1,69 € / kg

Kartulipüree, kg
https://www.e-maxima.ee/SiteImages/Inventory/d/2/4/d24a9c40-2465-4fa4-a785-b2311aa376d0.png?v=20160209.1158
1,99 €
1,99 € / kg

Praetud pelmeenid UVIC (jahutatud), 350g
https://www.e-maxima.ee/SiteImages/Inventory/6/8/6/6866ffce-acce-4bf4-bf48-44369a60ed17.png?v=20160209.1158
1,85 €
5,29 € / kg

Kartuli-juustuvorm MAMMA, 300g
https://www.e-maxima.ee/SiteImages/Inventory/7/d/f/7df21795-7091-41e0-9697-d8241407fea9.png?v=20160209.1158
1,89 €
6,30 € / kg

Küüslaugukartul, kg
https://www.e-maxima.ee/SiteImages/Inventory/0/e/2/0e254757-4a2d-4915-92df-9f9a29a95a14.png?v=20160209.1158
3,29 €
3,29 € / kg

Praetud heigifilee, kg
https://www.e-maxima.ee/SiteImages/Inventory/b/0/4/b044f7fa-5b3f-4207-9687-d0c4cf848c4e.png?v=20160209.1158
12,49 €
12,49 € / kg

Vähesoolane lõhefilee (viilutatud), kg
https://www.e-maxima.ee/SiteImages/Inventory/1/a/0/1a09527e-f55e-4392-9fc1-d28a0ba5186b.png?v=20160209.1158
18,49 €
18,49 € / kg

Vähesoolane lõhefilee tilliga, kg
https://www.e-maxima.ee/SiteImages/Inventory/5/3/8/5385adc5-e4c4-4dc1-a53c-04419a6f19fe.png?v=20160209.1158
18,49 €
18,49 € / kg

Kalakotletid, kg
https://www.e-maxima.ee/SiteImages/Inventory/1/c/0/1c020385-060e-4a13-a175-2ce7f75401a4.png?v=20160209.1158
9,59 €
9,59 € / kg

Sealihasült, kg
https://www.e-maxima.ee/SiteImages/Inventory/1/1/1/111652b9-4edc-49b6-b5e0-d494cffd9339.png?v=20160209.1158
5,79 €
5,79 € / kg

Seakarbonaad prantsuse moodi, kg
https://www.e-maxima.ee/SiteImages/Inventory/0/c/9/0c99c218-722c-4d7d-b764-31c94b8d6a53.png?v=20160209.1158
9,59 €
9,59 € / kg

Kodune kotlet, kg
https://www.e-maxima.ee/SiteImages/Inventory/b/5/b/b5b7d832-6512-4b8c-a3df-4ae6bf9560fa.png?v=20160209.1158
6,55 €
6,55 € / kg

Maksapasteet, kg
https://www.e-maxima.ee/SiteImages/Inventory/0/1/5/015cf49f-10c1-4768-8984-8f0948213f08.png?v=20160209.1158
5,19 €
5,19 € / kg

Kodune seljanka MAMMA, 300 g
https://www.e-maxima.ee/SiteImages/Inventory/2/7/4/27465320-69fa-4841-97bd-6136a4578276.png?v=20160209.1158
1,65 €
5,50 € / kg

Kotlet Jurate,kg
https://www.e-maxima.ee/SiteImages/Inventory/b/c/5/bc56b0bb-9d83-4d7a-abf2-aa9f901a10e7.png?v=20160209.1158
7,49 €
7,49 € / kg

Seakamarakrõpsud, kg
https://www.e-maxima.ee/SiteImages/Inventory/2/a/0/2a052b5d-4013-48a3-8b44-b393c0db880d.png?v=20160209.1158
9,99 €
9,99 € / kg

Kiievi kotlet, kg
https://www.e-maxima.ee/SiteImages/Inventory/5/a/7/5a70eef1-b5bd-4cfe-8b42-da2ad3ad30ec.png?v=20160209.1158
9,39 €
9,39 € / kg

Hanemaksapasteet NÕO 200g
https://www.e-maxima.ee/SiteImages/Inventory/1/a/1/1a110f4e-fddd-4ff4-99b4-09668093b59b.png?v=20160209.1158
1,39 €
6,95 € / kg

Lavašš soolalõhega, kg
https://www.e-maxima.ee/SiteImages/Inventory/d/3/0/d30f9dae-e7c3-4ce9-bab6-4c42a9c79962.png?v=20160209.1158
9,99 €
9,99 € / kg

Pannkook kohupiimaga MAMMA, 200g
https://www.e-maxima.ee/SiteImages/Inventory/e/6/6/e6604f9c-6d2d-40f9-bd85-916b511c6ba6.png?v=20160209.1158
1,19 €
5,95 € / kg

Pannkook singi ja juustuga MAMMA, 200g
https://www.e-maxima.ee/SiteImages/Inventory/3/6/5/365d84df-15c1-4835-8c7a-0da6b3d598ca.png?v=20160209.1158
1,29 €
6,45 € / kg

Pannkook hakklihatäidisega MAMMA, 200g
https://www.e-maxima.ee/SiteImages/Inventory/3/c/5/3c5118a7-b816-498e-a74b-fa967a951085.png?v=20160209.1158
1,29 €
6,45 € / kg

Pannkook maasikamoosiga MAMMA, 200g
https://www.e-maxima.ee/SiteImages/Inventory/9/4/3/94381732-baed-4e02-9f8e-a5c9c460b97d.png?v=20160209.1158
1,29 €
6,45 € / kg

Lavašš Kevadine, kg
https://www.e-maxima.ee/SiteImages/Inventory/1/0/6/1069354f-7ccb-4337-9436-9f4560c586de.png?v=20160209.1158
5,99 €
5,99 € / kg

Võileib lõhega 160g
https://www.e-maxima.ee/SiteImages/Inventory/b/8/6/b86ce47c-b45a-44de-a770-a541d8aefc72.png?v=20160209.1158
1,59 €
9,94 € / kg

Võileib kanalihaga 160g
https://www.e-maxima.ee/SiteImages/Inventory/b/8/6/b8657774-e439-4e51-a108-cac38e7d1859.png?v=20160209.1158
1,59 €
9,94 € / kg

Võileib kana- ja peekoniga 160g
https://www.e-maxima.ee/SiteImages/Inventory/c/1/d/c1d7a84d-faec-47db-9b7d-d93f0ac3e2d5.png?v=20160209.1158
1,59 €
9,94 € / kg

Võileib sealihaga 200g
https://www.e-maxima.ee/SiteImages/Inventory/6/8/4/68445dfa-10cd-489a-bf43-51b2be248d08.png?v=20160209.1158
1,59 €
7,95 € / kg

Lavašš singi ja juustuga, kg
https://www.e-maxima.ee/SiteImages/Inventory/2/4/9/2493f7b2-53d1-41ec-800d-6743b6baaf8d.png?v=20160209.1158
6,49 €
6,49 € / kg

Hele õlu FAXE Premium 5% 500ml
https://www.e-maxima.ee/SiteImages/Inventory/d/1/1/d1131405-6313-4d56-af05-24baee9f1986.png?v=20160209.1158
0,99 €
1,98 € / l

Hele õlu BUDWEISER Budvar 5% 500ml
https://www.e-maxima.ee/SiteImages/Inventory/e/e/a/eea43b68-b008-4a5d-8810-c26d9e6a872f.png?v=20160209.1158
1,59 €
3,18 € / l

Tume õlu GUINNESS Draught 4.2% 440ml,prk
https://www.e-maxima.ee/SiteImages/Inventory/d/2/d/d2da85f3-cc0b-4cdb-a94d-f45cedf9dda4.png?v=20160209.1158
1,39 €
3,16 € / l

Hele õlu HEINEKEN 5.0% 500ml,prk
https://www.e-maxima.ee/SiteImages/Inventory/c/3/f/c3fabfa0-1b66-4034-9fd0-a8c4c415e4df.png?v=20160209.1158
0,79 €
1,58 € / l

Hele õlu KRUSOVICE 5.0% 500ml
https://www.e-maxima.ee/SiteImages/Inventory/8/8/d/88d305a8-f15e-4dca-b933-73b8022e3ec0.png?v=20160209.1158
0,95 €
1,90 € / l

Tume õlu KRUSOVICE 3.8% 500ml
https://www.e-maxima.ee/SiteImages/Inventory/0/e/3/0e3cab38-3369-49fc-9db8-53d808c96545.png?v=20160209.1158
0,95 €
1,90 € / l

Hele õlu STAROPRAMEN Prem.5% 500ml,pdl
https://www.e-maxima.ee/SiteImages/Inventory/9/a/9/9a9676cb-d118-4f99-b868-a788781ff862.png?v=20160209.1158
1,49 €
2,98 € / l

Hele õlu FRANZISKANER 5% 500ml
https://www.e-maxima.ee/SiteImages/Inventory/c/3/2/c32d8348-50ea-4737-8f81-5cb5b4999ddd.png?v=20160209.1158
1,89 €
3,78 € / l

Hele õlu WARSTEINER Premium4.8%500ml
https://www.e-maxima.ee/SiteImages/Inventory/8/8/8/888d4b73-b75d-4a0c-af18-d3731732432f.png?v=20160209.1158
1,35 €
2,70 € / l

Hele õlu CARLSBERG5% 500ml
https://www.e-maxima.ee/SiteImages/Inventory/1/c/7/1c702972-8da6-4019-9154-c3e2f32fe5d7.png?v=20160209.1158
1,19 €
2,38 € / l

Hele õlu STAROPRAMEN Prem.5% 500ml,prk
https://www.e-maxima.ee/SiteImages/Inventory/3/d/0/3d013815-db6f-467a-8635-6c7726a4ce27.png?v=20160209.1158
1,49 €
2,98 € / l

Hele õlu BALTIKA Nr. 7 5.4% 500ml
https://www.e-maxima.ee/SiteImages/Inventory/b/b/3/bb393228-eaf6-4c9c-869c-0d0573df2d60.png?v=20160209.1158
1,29 €
2,58 € / l

Hele õlu VELKOPOP.KOZEL 4.8% 500ml pdl
https://www.e-maxima.ee/SiteImages/Inventory/8/0/9/8099c5dc-c642-40e7-87ab-b01aae1e6d14.png?v=20160209.1158
1,39 €
2,78 € / l

Tume õlu VELKOPOP.KOZEL 3,8% 500ml pdl
https://www.e-maxima.ee/SiteImages/Inventory/6/5/9/659c1867-f9a3-41be-a621-d8181b1a1d3d.png?v=20160209.1158
1,59 €
3,18 € / l

Hele õlu BARRY`S Premium 4% 500ml,prk
https://www.e-maxima.ee/SiteImages/Inventory/b/e/a/beac98be-a719-43fd-8716-6fab25472599.png?v=20160209.1158
0,59 €
1,18 € / l

Hele õlu A. le Coq PILSNER 4.2% 2L
https://www.e-maxima.ee/SiteImages/Inventory/2/9/d/29d3877d-9b67-4d24-a85d-e82149a4d65b.png?v=20160209.1158
2,59 €
1,30 € / l

Tume õlu TÕMMU HIID 4,7% 500ml
https://www.e-maxima.ee/SiteImages/Inventory/4/4/e/44e71b71-e503-4f29-a884-a53fe418d0fd.png?v=20160209.1158
1,09 €
2,18 € / l

Hele õlu PREMIUM 4.7% 500ml A.Le Coq
https://www.e-maxima.ee/SiteImages/Inventory/d/a/b/dabad9f1-cd65-4b52-b2d3-be3469f52bb3.png?v=20160209.1158
0,95 €
1,90 € / l

Hele õlu SAKU ORIGINAAL 4,6%  500ml PDL
https://www.e-maxima.ee/SiteImages/Inventory/4/d/7/4d7227b3-8a53-43de-a08a-45786b52c9be.png?v=20160209.1158
0,79 €
1,58 € / l

Hele õlu SAKU ROCK 5,3% 500ml PDL
https://www.e-maxima.ee/SiteImages/Inventory/8/f/1/8f1097a7-b638-43f9-b745-859ed822f64d.png?v=20160209.1158
0,99 €
1,98 € / l

Hele õlu SAKU ORIGINAAL 4,6% 500ml PRK
https://www.e-maxima.ee/SiteImages/Inventory/b/2/3/b23dba14-cc45-45b7-b035-dfcc593d1013.png?v=20160209.1158
0,99 €
1,98 € / l

Hele õlu Leffe Blonde 6,6% 330ml
https://www.e-maxima.ee/SiteImages/Inventory/c/e/e/cee13cbf-721a-4f7e-ada9-537944d98cfb.png?v=20160209.1158
1,79 €
5,42 € / l

Tume õlu SAKU TUME 6,7% 500ml
https://www.e-maxima.ee/SiteImages/Inventory/b/2/d/b2d901c1-fac9-493d-9167-a77691e28fe2.png?v=20160209.1158
1,09 €
2,18 € / l

Hele õlu SAKU ORIGINAAL 4,6%500ml*6-pakk
https://www.e-maxima.ee/SiteImages/Inventory/0/1/5/0150d6da-122f-4283-846f-630ab7d217e7.png?v=20160209.1158
5,99 €
2,00 € / l

Nisuõlu VALENTINS Weiss.5.3% 500ml, prk
https://www.e-maxima.ee/SiteImages/Inventory/3/d/b/3db02af7-095e-4c9a-ac3d-4e38c78d3bd2.png?v=20160209.1158
0,79 €
1,58 € / l

Hele õlu PILSNER A.Le Coq 4,2% 500ml
https://www.e-maxima.ee/SiteImages/Inventory/2/8/2/28251ad8-34d8-48ff-a917-9a0e1f214013.png?v=20160209.1158
0,79 €
1,58 € / l

Hele õlu ALEXANDER 5.2% 500ml
https://www.e-maxima.ee/SiteImages/Inventory/d/4/7/d47c3e4e-8ad1-4c57-9b59-590f50190764.png?v=20160209.1158
0,75 €
1,50 € / l

Hele õlu DISEL A.Le Coq 5.2% 2L
https://www.e-maxima.ee/SiteImages/Inventory/a/1/3/a134b99f-fbca-43bd-b8fa-58a14e557927.png?v=20160209.1158
2,59 €
1,30 € / l

Hele õlu PREMIUM A.Le Coq 4.7% 500ml
https://www.e-maxima.ee/SiteImages/Inventory/0/f/5/0f55ce0d-548b-4926-a6de-2ccdb3a053da.png?v=20160209.1158
1,05 €
2,10 € / l

Hele õlu SAKU Originaal 5.2% 0,33lx24tk
https://www.e-maxima.ee/SiteImages/Inventory/1/b/e/1beb7a8e-cb85-4d56-9a66-592dc7a26628.png?v=20160209.1158
14,49 €
1,83 € / l

Hele õlu SAKU Kuld 5,2% 500ml prk
https://www.e-maxima.ee/SiteImages/Inventory/1/5/c/15cf0a32-320f-4248-ab24-542f3083b9c9.png?v=20160209.1158
1,19 €
2,38 € / l

Tume õlu PALMSE 5,6% 500ml
https://www.e-maxima.ee/SiteImages/Inventory/8/8/9/8891fd21-7e9c-4ef6-a4ac-a99990394318.png?v=20160209.1158
0,99 €
1,98 € / l

H.õlu A.Le Coq Premium 4.7% 0.5lx6tk,prk
https://www.e-maxima.ee/SiteImages/Inventory/3/c/9/3c915777-2dfa-4ddb-84b5-8194ad5b9e29.png?v=20160209.1158
4,49 €
1,50 € / l

Hele õlu LAPIN KULTA 4,5% 500ml
https://www.e-maxima.ee/SiteImages/Inventory/1/4/8/1482d4da-dfe4-4fb9-95d5-2937d0ebb358.png?v=20160209.1158
1,09 €
2,18 € / l

Hele õlu A.Le Coq Special 5,2% 500ml
https://www.e-maxima.ee/SiteImages/Inventory/d/c/8/dc8d322f-b454-421e-bea7-ac61ffe000a0.png?v=20160209.1158
1,15 €
2,30 € / l

Hele õlu LÖWENBRÄU 5.2% 500ml
https://www.e-maxima.ee/SiteImages/Inventory/e/1/7/e173fb96-3aa6-4d2b-947d-fb78caf787ac.png?v=20160209.1158
1,69 €
3,38 € / l

Tume õlu PULS Lager 5%, 500ml
https://www.e-maxima.ee/SiteImages/Inventory/c/7/e/c7e54a00-b04d-44ff-b4ce-dd87f8272a39.png?v=20160209.1158
0,99 €
1,98 € / l

Tume õlu PULS Kirsiõlu  4,6%, 500ml
https://www.e-maxima.ee/SiteImages/Inventory/d/1/6/d16cfffa-a911-4a58-a6ca-ebfb83d92ca0.png?v=20160209.1158
0,97 €
1,94 € / l

Hele õlu WARSTEINER Premium4.8%500ml
https://www.e-maxima.ee/SiteImages/Inventory/7/f/5/7f5f7db7-2af2-487d-9fdf-e6463e3dfd76.png?v=20160209.1158
1,35 €
2,70 € / l

Hele õlu KAPTEN Kange 7% 2L pet
https://www.e-maxima.ee/SiteImages/Inventory/0/a/d/0ad1c330-d99e-4d74-85ff-2a42f1758010.png?v=20160209.1158
2,69 €
1,35 € / l

Tume õlu BUDWEISER Lager 4.7% 500ml
https://www.e-maxima.ee/SiteImages/Inventory/3/4/9/34906cf3-6e9d-4c0e-b7f5-eaaf5d619ba3.png?v=20160209.1158
1,55 €
3,10 € / l

Hele õlu PAULANER Orig.Münchner 4.9%500
https://www.e-maxima.ee/SiteImages/Inventory/9/5/6/956622ab-11b8-4332-a176-002943f11242.png?v=20160209.1158
1,39 €
2,78 € / l

Hele õlu PAULANER Weisbier 5.5% 500ml
https://www.e-maxima.ee/SiteImages/Inventory/e/4/3/e432d566-96a2-4ae7-8774-f681679978b9.png?v=20160209.1158
1,59 €
3,18 € / l

Tume õlu PAULANER Hefe Dunkel 5.3% 500ml
https://www.e-maxima.ee/SiteImages/Inventory/1/6/f/16fb773c-3456-4d6e-8c24-160dcf52d732.png?v=20160209.1158
1,59 €
3,18 € / l

Hele õlu GERMANIA Pilsner 4.8% 500ml
https://www.e-maxima.ee/SiteImages/Inventory/b/7/6/b76fb215-4a6f-4811-803e-74ac5a0fedb3.png?v=20160209.1158
0,69 €
1,38 € / l

Hele õlu APOSTEL BRÄU 5% 500ml, prk
https://www.e-maxima.ee/SiteImages/Inventory/6/3/a/63abf854-c501-44b0-98fb-b048634acf61.png?v=20160209.1158
0,69 €
1,38 € / l

Tume õlu FRANZISKANER DUNKEL 5% 500ml
https://www.e-maxima.ee/SiteImages/Inventory/9/b/e/9be1d6ab-863c-4642-86d8-bdcdb0b14b37.png?v=20160209.1158
1,89 €
3,78 € / l

Hele õlu ALEXANDER 5.2% 568ml, prk
https://www.e-maxima.ee/SiteImages/Inventory/d/5/c/d5caaaad-79b8-4702-b6b2-cc341784ac51.png?v=20160209.1158
1,05 €
1,85 € / l

Hele õlu STARÕJ MELNIK 4.3% pehme 500ml
https://www.e-maxima.ee/SiteImages/Inventory/e/9/1/e91fe126-1c90-4393-9cf3-603f97c5b55f.png?v=20160209.1158
1,19 €
2,38 € / l

Hele õlu ESTRELLA Barcelona 4.6% 500ml
https://www.e-maxima.ee/SiteImages/Inventory/6/1/9/61989535-1af0-450c-b1fc-676518861996.png?v=20160209.1158
1,39 €
2,78 € / l

Hele õlu SALITOS Tequila 5.9% 330ml
https://www.e-maxima.ee/SiteImages/Inventory/7/b/6/7b6bc962-8215-4d13-93d4-a6341a202d49.png?v=20160209.1158
1,65 €
5,00 € / l

Hele õlu TUBORG Lime cut 4.5% 330ml
https://www.e-maxima.ee/SiteImages/Inventory/0/b/8/0b8ca236-12cc-409e-98a4-b834147adbed.png?v=20160209.1158
0,89 €
2,70 € / l

Mõdu SAKU 4% 500ml
https://www.e-maxima.ee/SiteImages/Inventory/3/d/9/3d91509b-787d-48be-805c-126816f8c69b.png?v=20160209.1158
1,05 €
2,10 € / l

Siider KISS pirni 4,5% 500ml
https://www.e-maxima.ee/SiteImages/Inventory/e/3/0/e305d255-03b9-4388-8501-8999d264f852.png?v=20160209.1158
1,45 €
2,90 € / l

Siider FIZZ Strawberry 500ml
https://www.e-maxima.ee/SiteImages/Inventory/e/e/a/eeab5bea-c0fb-42ee-9cc4-41f35426113c.png?v=20160209.1158
1,45 €
2,90 € / l

Siider KISS pirni  4,5% 1.5L PET
https://www.e-maxima.ee/SiteImages/Inventory/b/7/9/b7949414-cc20-4a79-9aba-8d59367eacbb.png?v=20160209.1158
3,19 €
2,13 € / l

Siider FIZZ Blueberry 500ml
https://www.e-maxima.ee/SiteImages/Inventory/1/c/d/1cd55907-4d0d-424e-845c-3f7e789953a0.png?v=20160209.1158
1,45 €
2,90 € / l

Siider ECUSSON Cidre Brut 5% 750ml
https://www.e-maxima.ee/SiteImages/Inventory/5/3/1/531ce511-4603-4537-8949-66f767591cc9.png?v=20160209.1158
4,55 €
6,07 € / l

Siider ECUSSON Cidre Doux 2.5% 750ml
https://www.e-maxima.ee/SiteImages/Inventory/7/9/7/797a753a-716f-47cf-9369-bff51b043bc7.png?v=20160209.1158
4,55 €
6,07 € / l

Siider FIZZ Pear 1.5l
https://www.e-maxima.ee/SiteImages/Inventory/f/4/f/f4f6222e-34a1-4eba-a50f-0ac1b0d60dd0.png?v=20160209.1158
3,19 €
2,13 € / l

Siider FIZZ Strawberry 1.5l
https://www.e-maxima.ee/SiteImages/Inventory/4/9/3/4930b31a-d337-4790-9e08-7e6c6ec43227.png?v=20160209.1158
3,19 €
2,13 € / l

Siider FIZZ Blueberry 1.5l
https://www.e-maxima.ee/SiteImages/Inventory/8/c/b/8cbdf1e6-0d40-4659-9343-f625bd2d7a63.png?v=20160209.1158
3,19 €
2,13 € / l

Õunasiider PULS 4.5 500ml, purk
https://www.e-maxima.ee/SiteImages/Inventory/b/9/1/b912440e-713f-43b5-b529-d3fc8c045ecf.png?v=20160209.1158
1,19 €
2,38 € / l

Siider FIZZ Pear alkoholivaba 500ml
https://www.e-maxima.ee/SiteImages/Inventory/9/e/a/9ea2a4cf-70c6-45ab-b18c-3aab59feace8.png?v=20160209.1158
0,79 €
1,58 € / l

Siider SOMERSBY Õun 4.5% 330ml
https://www.e-maxima.ee/SiteImages/Inventory/b/2/d/b2dcd1c2-97cb-40b6-8416-495b797ca211.png?v=20160209.1158
0,99 €
3,00 € / l

Siider SOMERSBY Pirn 4.5% 330ml
https://www.e-maxima.ee/SiteImages/Inventory/2/1/7/2177ba7d-1715-445a-8fec-f00e1e662810.png?v=20160209.1158
0,99 €
3,00 € / l

Siider SHERWOOD Pear 330ml,pdl
https://www.e-maxima.ee/SiteImages/Inventory/e/6/7/e679cd29-cc55-469b-af9a-dd96d9e4df89.png?v=20160209.1158
0,99 €
3,00 € / l

M.alk.j.SAKU GN LD Greip 1.5L,PET
https://www.e-maxima.ee/SiteImages/Inventory/6/1/1/611dfe38-78ff-4599-a32e-8c50ffcc7b77.png?v=20160209.1158
2,99 €
1,99 € / l

Siider KISS Mustika-Vaarika4.5%500ml
https://www.e-maxima.ee/SiteImages/Inventory/0/4/d/04d2ba15-918b-4081-b231-b0d576b1a444.png?v=20160209.1158
1,45 €
2,90 € / l

Siider SOMERSBY Pear 4.5% 6x 330ml, pdl
https://www.e-maxima.ee/SiteImages/Inventory/f/3/3/f339e244-4473-406a-94c3-b578b44373bd.png?v=20160209.1158
6,19 €
3,13 € / l

Siider ECUSSON Del.De Poire 2.5% 750ml
https://www.e-maxima.ee/SiteImages/Inventory/2/f/0/2f0fe94b-8364-4446-9a75-c034a672e070.png?v=20160209.1158
4,55 €
6,07 € / l

Siider FIZZ Pear 4.5% 500ml
https://www.e-maxima.ee/SiteImages/Inventory/d/e/b/deb7c77a-e58a-4488-9c3e-44e0d8028141.png?v=20160209.1158
1,45 €
2,90 € / l

Siider PULS maasika-laimi 4,5% 500ml
https://www.e-maxima.ee/SiteImages/Inventory/4/3/a/43a3f7bd-d65b-4b36-9a9d-483b8189900e.png?v=20160209.1158
1,19 €
2,38 € / l

Siider KISS Blueberry-Raspber.4,5% 1.5L
https://www.e-maxima.ee/SiteImages/Inventory/3/d/b/3dbb7806-03fc-45b8-88fd-c23fc4bca779.png?v=20160209.1158
3,19 €
2,13 € / l

Siider SOMERSBY Blackberry 4,5% 330ml
https://www.e-maxima.ee/SiteImages/Inventory/2/4/4/24484e31-f992-4b14-bfe5-4b82976b806f.png?v=20160209.1158
0,99 €
3,00 € / l

Alk.jook SFF LD Cranberry 5,5% 500ml
https://www.e-maxima.ee/SiteImages/Inventory/6/8/8/6881a06d-e725-403e-aefc-cc7dc682563d.png?v=20160209.1158
1,49 €
2,98 € / l

Siider SHERWOOD Pear 4.5%330 ml 6tk
https://www.e-maxima.ee/SiteImages/Inventory/3/b/2/3b2721c9-47cc-4425-b4f0-2d6cd0126627.png?v=20160209.1158
6,29 €
3,18 € / l

Siider Kiss Apple 4,5% 1,5L
https://www.e-maxima.ee/SiteImages/Inventory/6/b/9/6b9907d4-0838-496c-91be-5fd4678620fb.png?v=20160209.1158
3,19 €
2,13 € / l

Siider SOMERSBY  Citrus Fruit 4,5%330ml
https://www.e-maxima.ee/SiteImages/Inventory/e/1/e/e1e5325f-7c12-48e8-8ef1-338dfaa396a1.png?v=20160209.1158
0,99 €
3,00 € / l

Siider MOKAI kofeiiniga 4.5% 275ml
https://www.e-maxima.ee/SiteImages/Inventory/e/c/d/ecda4d37-0940-4882-ac4b-9edda03f0c1a.png?v=20160209.1158
1,69 €
6,15 € / l

M.alk.jook Long Drink Turbo5,5%1,5l
https://www.e-maxima.ee/SiteImages/Inventory/a/f/3/af317750-8746-4e7b-aa99-1b1ba26a3012.png?v=20160209.1158
2,19 €
1,46 € / l

Siider SOMERSBY Apple 4,5% 330ml
https://www.e-maxima.ee/SiteImages/Inventory/9/c/4/9c4e159d-2ebc-4605-a629-f0a2fa1c46d6.png?v=20160209.1158
1,09 €
3,30 € / l

Siider SOMERSBY Pear 4,5% 330ml
https://www.e-maxima.ee/SiteImages/Inventory/7/b/b/7bb44661-f03c-4415-b038-abde777ad699.png?v=20160209.1158
1,09 €
3,30 € / l

M.alk.jook SFF LD Grapefruit 5.5%330ml
https://www.e-maxima.ee/SiteImages/Inventory/4/0/6/406d45cc-2338-4e01-8844-73b7501cebdb.png?v=20160209.1158
0,89 €
2,70 € / l

M.alk.jook SFF LD Cranberry5.5%330ml
https://www.e-maxima.ee/SiteImages/Inventory/8/0/1/80185848-1ab9-4cb9-9864-d378afb6623c.png?v=20160209.1158
0,89 €
2,70 € / l

Alk.jook BACARDI BREEZER Waterm.5%275ml
https://www.e-maxima.ee/SiteImages/Inventory/8/d/c/8dc370f6-bb57-4fea-9c3a-0f85c666b8a6.png?v=20160209.1158
1,75 €
6,36 € / l

Alk.jook SMIRNOFF ICE 275ml
https://www.e-maxima.ee/SiteImages/Inventory/c/f/c/cfc1a0cd-44bf-49ce-bfb1-e9946f6d303b.png?v=20160209.1158
1,69 €
6,15 € / l

M.alk.jook SFF GIN LD Grape 5.5%0.5l prk
https://www.e-maxima.ee/SiteImages/Inventory/0/0/b/00bf6675-a18a-4f04-8e7f-054af5cdde31.png?v=20160209.1158
1,35 €
2,70 € / l

M.alk.jook A.LeCoq G:N 5.6%0.5l pet
https://www.e-maxima.ee/SiteImages/Inventory/0/c/c/0cc522d0-90c4-43f5-bac7-45de204220e6.png?v=20160209.1158
1,35 €
2,70 € / l

Alk.jook A.Le Coq LongDrink 1.5L
https://www.e-maxima.ee/SiteImages/Inventory/1/8/1/1815584a-fe35-40f8-bf3b-2573fa573c64.png?v=20160209.1158
2,19 €
1,46 € / l

M.alk.jook A.LeCoq G:N Mohhiito1.5L
https://www.e-maxima.ee/SiteImages/Inventory/1/3/3/13347a88-a79f-433b-b544-733a3443ee8d.png?v=20160209.1158
2,19 €
1,46 € / l

Alk.jookA.LeCoq LongDrinkSafari 500ml
https://www.e-maxima.ee/SiteImages/Inventory/a/a/7/aa74a43e-74cf-4c25-b332-afae73d5c9a5.png?v=20160209.1158
1,45 €
2,90 € / l

M.alk.jook HARTWALL Long Drink5.5%330ml
https://www.e-maxima.ee/SiteImages/Inventory/6/2/5/62547d28-6321-424e-a141-6d3e8fcdbe80.png?v=20160209.1158
1,29 €
3,91 € / l

M.alk.jook HARTWALL STRONG LD7.5%330ml
https://www.e-maxima.ee/SiteImages/Inventory/c/d/9/cd9348c9-3c72-4ec6-b6e4-4466c0d3de63.png?v=20160209.1158
1,49 €
4,52 € / l

M.alk.jook A.Le Coq G:N 330ml
https://www.e-maxima.ee/SiteImages/Inventory/b/b/7/bb726f91-43f3-4e2e-9f8f-5c179b318a80.png?v=20160209.1158
0,83 €
2,52 € / l

Alk.jook SFF LD Grapefruit 5,5 %1.25L
https://www.e-maxima.ee/SiteImages/Inventory/2/f/9/2f900aee-6ab4-4dc0-9f53-36b57592ba15.png?v=20160209.1158
2,99 €
2,39 € / l

M.alk.jook A.Le Coq G:N Cranb.5.6%330ml
https://www.e-maxima.ee/SiteImages/Inventory/f/7/8/f781250f-b3b4-4c5d-aed8-698f8099f737.png?v=20160209.1158
0,89 €
2,70 € / l

M.al.jook A.LE COQ Pin.Col.4.7%330ml,pdl
https://www.e-maxima.ee/SiteImages/Inventory/0/1/9/01951ec6-b5fd-4f80-8d5b-deaf1f3f84b4.png?v=20160209.1158
1,09 €
3,30 € / l

M.al.jook A.LE COQ Cub.Lib.4.7%330ml,pdl
https://www.e-maxima.ee/SiteImages/Inventory/f/a/d/fadaedd9-9c13-4a7d-8132-40245e18a397.png?v=20160209.1158
1,09 €
3,30 € / l

M.alk.jook A.LE COQ Mojito4.7% 330ml,pdl
https://www.e-maxima.ee/SiteImages/Inventory/3/5/4/354e310c-9534-4fe9-a75f-c9388cfb0e92.png?v=20160209.1158
1,09 €
3,30 € / l

M.alk.jook MIX GO Melon Daiquir 5% 275ml
https://www.e-maxima.ee/SiteImages/Inventory/8/2/b/82b397c2-b933-4c68-8abe-cf7713622a98.png?v=20160209.1158
1,09 €
3,96 € / l

M.alk.jook MIX GO Kiwi Sunrise 5% 275ml
https://www.e-maxima.ee/SiteImages/Inventory/c/d/1/cd181ccf-4999-4311-8c07-a8266e86d25d.png?v=20160209.1158
1,09 €
3,96 € / l

Alk.jook  Margarita 4,7% 330ml
https://www.e-maxima.ee/SiteImages/Inventory/d/b/c/dbce224e-1e96-453f-a2f6-94f48283e9aa.png?v=20160209.1158
1,09 €
3,30 € / l

M.alk.jook SAKU GN Cactus-Lime 5% 0,5
https://www.e-maxima.ee/SiteImages/Inventory/c/b/2/cb29bf5e-cca3-4351-ae50-113e62d40afd.png?v=20160209.1158
1,45 €
2,90 € / l

M.alk. jook SAKU GN Cactus-Lime5% 1,5
https://www.e-maxima.ee/SiteImages/Inventory/3/f/8/3f844bc4-a02c-4517-be4f-f8480efa09bc.png?v=20160209.1158
3,19 €
2,13 € / l

M.alk.j.GARAGE hard lemon 4,6% 0,33l
https://www.e-maxima.ee/SiteImages/Inventory/e/6/3/e63dc603-65bc-49cd-a50b-9a2a6850394a.png?v=20160209.1158
0,99 €
3,00 € / l

M.alk.jook Long Drink Turbo5,5%0,5l
https://www.e-maxima.ee/SiteImages/Inventory/4/3/d/43dd2ada-77f7-41d8-bcab-5a4d1f20f54a.png?v=20160209.1158
1,45 €
2,90 € / l

Arom.hõõgvein GLINTWEIN Classic 750ml
https://www.e-maxima.ee/SiteImages/Inventory/8/f/8/8f825dd6-462d-4fcb-82bc-5068370e918a.png?v=20160209.1158
4,49 €
5,99 € / l

Arom.hõõgvein GLINTWEIN Apple 750ml
https://www.e-maxima.ee/SiteImages/Inventory/6/9/5/695825bf-117b-43fc-8c50-9661ae6e14f1.png?v=20160209.1158
4,49 €
5,99 € / l

Arom.hõõgvein GLINTWEIN Citrus 750ml
https://www.e-maxima.ee/SiteImages/Inventory/d/d/8/dd8bc294-0226-4387-94f9-4f069261ad71.png?v=20160209.1158
4,49 €
5,99 € / l

KGT vein J.P.CHENET c/syrah 750ml
https://www.e-maxima.ee/SiteImages/Inventory/8/a/c/8ac8b829-2142-4a2b-b6ff-67456b26d8bb.png?v=20160209.1158
4,69 €
6,25 € / l

KPN vein TORRES SANGRE DE TORO 750ml
https://www.e-maxima.ee/SiteImages/Inventory/f/0/5/f0551e25-4770-4249-8f02-05568f9a7ba9.png?v=20160209.1158
6,99 €
9,32 € / l

KGT pun.vein B&amp;G Cabernet Sauvignon750ml
https://www.e-maxima.ee/SiteImages/Inventory/f/0/b/f0b7af7a-c7e5-499a-a59d-1fed6f0d5bd0.png?v=20160209.1158
7,29 €
9,72 € / l

KP roosa vein B&amp;G Rose D&#39;Anjou Pas.750ml
https://www.e-maxima.ee/SiteImages/Inventory/8/3/8/838b64de-b8a0-47f8-b96f-bb6cdf471034.png?v=20160209.1158
7,29 €
9,72 € / l

GT vein FRONTERA Cab.Sauv. 750ml
https://www.e-maxima.ee/SiteImages/Inventory/9/9/2/992bcc83-dcd3-4a38-8b37-36639e720213.png?v=20160209.1158
5,99 €
7,99 € / l

GT vein CASILLERO D.D.Cab.Sauv.750ml
https://www.e-maxima.ee/SiteImages/Inventory/3/d/8/3d8d6076-caf1-430c-be5f-00277b5c3095.png?v=20160209.1158
9,79 €
13,05 € / l

KPN-kv.vein MALESAN Bordeaux Rouge 750ml
https://www.e-maxima.ee/SiteImages/Inventory/0/d/6/0d6bfa64-a752-463a-851f-9a864921ce96.png?v=20160209.1158
9,49 €
12,65 € / l

KGT vein DREAMER cab.sauv. 750ml
https://www.e-maxima.ee/SiteImages/Inventory/1/c/c/1cce0195-f033-4781-a92a-abc1312b1209.png?v=20160209.1158
5,39 €
7,19 € / l

KPN vein TORRES Gran Coronas 750ml
https://www.e-maxima.ee/SiteImages/Inventory/d/b/c/dbcacf98-2c9d-470d-a378-f499177d9116.png?v=20160209.1158
12,99 €
17,32 € / l

KGT vein MALESAN VDP Cab.Sauvign.750ml
https://www.e-maxima.ee/SiteImages/Inventory/0/2/3/02310094-7a15-4e2b-81c4-f3d7c5868c77.png?v=20160209.1158
7,39 €
9,85 € / l

KPN vein CAMPO VIEJO Crianza 750ml
https://www.e-maxima.ee/SiteImages/Inventory/d/2/7/d278ada6-2f96-4cc6-b403-d15718c931df.png?v=20160209.1158
9,15 €
12,20 € / l

KPN vein CAMPO VIEJO Reserva 750ml
https://www.e-maxima.ee/SiteImages/Inventory/c/7/7/c772f3bd-829d-46b9-adb7-d653845b4a89.png?v=20160209.1158
11,19 €
14,92 € / l

KPN-vein punane PICCINI Chianti 750ml
https://www.e-maxima.ee/SiteImages/Inventory/1/9/6/196c4de7-87d0-408c-b85f-5a167097e3d7.png?v=20160209.1158
7,29 €
9,72 € / l

GT vein.GATO NEGRO Cabern.Sauvign.750ml
https://www.e-maxima.ee/SiteImages/Inventory/8/3/9/8396ed9f-476c-478b-9d21-9b405d277807.png?v=20160209.1158
6,59 €
8,79 € / l

GT vein JACOBS CREEK ShirazCabern. 750ml
https://www.e-maxima.ee/SiteImages/Inventory/2/b/4/2b4f472c-2189-4080-8d42-70b17ade1e43.png?v=20160209.1158
8,89 €
11,85 € / l

KPN vein CHATEAU RAGON BEL-AIR 750ml
https://www.e-maxima.ee/SiteImages/Inventory/7/7/2/77271f5d-0fab-422f-ba20-bc5dd078c9e9.png?v=20160209.1158
7,99 €
10,65 € / l

KPN kuiv vein FAUSTINO V Reserva 750ml
https://www.e-maxima.ee/SiteImages/Inventory/b/a/f/bafe0350-1cc8-45d0-875b-5c425cf49e07.png?v=20160209.1158
14,99 €
19,99 € / l

KPN-kv.p.v.TORRES S.Valent.Garnacha750ml
https://www.e-maxima.ee/SiteImages/Inventory/7/7/f/77fbf09f-e137-4783-b35d-4e239341c77d.png?v=20160209.1158
7,69 €
10,25 € / l

KPN p.v. LOS MOLINOS Crianza 750ml
https://www.e-maxima.ee/SiteImages/Inventory/a/c/f/acf22f3b-44cb-4eea-a60e-db6bad4b2c5b.png?v=20160209.1158
5,09 €
6,79 € / l

KPN vein VINA ALBALI Reserva 750ml
https://www.e-maxima.ee/SiteImages/Inventory/e/a/e/eaef3032-e2dd-4de4-ac03-904caf697fb3.png?v=20160209.1158
6,59 €
8,79 € / l

KGT vein DREAMER  roosa 750ml
https://www.e-maxima.ee/SiteImages/Inventory/3/d/0/3d0653f5-255f-4e7d-a5eb-b56ae94d0346.png?v=20160209.1158
5,25 €
7,00 € / l

KGT vein TONINO rosso 750ml
https://www.e-maxima.ee/SiteImages/Inventory/b/e/3/be3c8b12-037a-467e-9f59-dffd10086ce2.png?v=20160209.1158
5,79 €
7,72 € / l

GT poolmag.vein ALAZANI Valley pun.750ml
https://www.e-maxima.ee/SiteImages/Inventory/e/b/b/ebb74d2c-0d86-4aa4-9e54-4f2eac660fbe.png?v=20160209.1158
5,89 €
7,85 € / l

GT poolmag. Vein KINDZMARAULI 750ml
https://www.e-maxima.ee/SiteImages/Inventory/e/8/4/e84dff42-8cae-4b9c-8395-fdda8875959e.png?v=20160209.1158
10,39 €
13,85 € / l

KPN pun.vein FAUSTINO VII Tinto 750ml
https://www.e-maxima.ee/SiteImages/Inventory/1/f/2/1f2d07a5-35a6-431f-b9d0-58f13df215d1.png?v=20160209.1158
9,29 €
12,39 € / l

KPN-kv.vein CALVET Rose d&#39;Anjou 750ml
https://www.e-maxima.ee/SiteImages/Inventory/8/d/8/8d8321e1-6174-4c5f-a9a7-90c1f59d89d0.png?v=20160209.1158
7,79 €
10,39 € / l

KPN vein LOS MOLINOS punane 750ml
https://www.e-maxima.ee/SiteImages/Inventory/3/5/8/3583f384-2a1d-48a5-8183-007858df7883.png?v=20160209.1158
4,39 €
5,85 € / l

KPN vein VINA ALBALI Gran Reserva 750ml
https://www.e-maxima.ee/SiteImages/Inventory/4/1/4/414c0fdc-d87d-413c-a61e-fe116c5bece2.png?v=20160209.1158
8,79 €
11,72 € / l

KPN punane vein ALBALI Crianza 750ml
https://www.e-maxima.ee/SiteImages/Inventory/4/4/0/4407b08a-fa6a-4f42-96d3-ba1069f11b75.png?v=20160209.1158
4,89 €
6,52 € / l

KGT vein GRAND SÜD Merlot 1L
https://www.e-maxima.ee/SiteImages/Inventory/d/a/9/da907bc8-9a62-4dc9-bdb4-3ab939885e88.png?v=20160209.1158
5,79 €
5,79 € / l

GT vein punane ALAZNIS VALLEY 750ml
https://www.e-maxima.ee/SiteImages/Inventory/f/4/5/f45782ad-8fab-48b5-b623-65eb8b9c79d8.png?v=20160209.1158
4,49 €
5,99 € / l

Vein VAUCHER Cuvee Rouge 750ml
https://www.e-maxima.ee/SiteImages/Inventory/c/5/0/c50763cf-b46f-4248-bdf8-2c91ebdf1beb.png?v=20160209.1158
4,89 €
6,52 € / l

KPN vein LAN Crianza 750ml
https://www.e-maxima.ee/SiteImages/Inventory/f/7/5/f75190b0-5fe5-4c5f-b015-60745da30749.png?v=20160209.1158
11,89 €
15,85 € / l

KPN-vein p. LAN Gran Reserva 750ml
https://www.e-maxima.ee/SiteImages/Inventory/9/5/2/95276034-01d8-4f33-80c2-21da47822293.png?v=20160209.1158
21,89 €
29,19 € / l

KGT vein TONINO rosato 750ml
https://www.e-maxima.ee/SiteImages/Inventory/e/e/7/ee78d5d2-7f9b-4d50-9309-96208963541b.png?v=20160209.1158
5,79 €
7,72 € / l

KGT p.vein J.P.CHENET poolmagus 750ml
https://www.e-maxima.ee/SiteImages/Inventory/c/6/e/c6e85c92-dcf5-4d0f-889b-17cba5bc1416.png?v=20160209.1158
4,69 €
6,25 € / l

KPN punane vein CRUSE Bordeaux 750ml
https://www.e-maxima.ee/SiteImages/Inventory/f/4/6/f4658cb0-d3fe-4e4b-a2f1-3dd8a1d6a611.png?v=20160209.1158
5,99 €
7,99 € / l

KGT vein J.P.CHENET Rose sw750ml
https://www.e-maxima.ee/SiteImages/Inventory/6/0/9/609e48a7-3aed-46c6-aa08-0a8e3f612e1b.png?v=20160209.1158
4,69 €
6,25 € / l

GT vein punane TBILVINO Pirosmani 750ml
https://www.e-maxima.ee/SiteImages/Inventory/f/c/a/fca11a6e-346f-433b-be3c-4ef93a39526d.png?v=20160209.1158
4,49 €
5,99 € / l

KPN vein FAUSTINO I Gran Reserva 750ml
https://www.e-maxima.ee/SiteImages/Inventory/6/f/c/6fc6c293-4abe-47f5-88f4-7b65b4f21700.png?v=20160209.1158
22,99 €
30,65 € / l

KGT vein DREAMER Cabernet Sauvignon 3L
https://www.e-maxima.ee/SiteImages/Inventory/f/f/a/ffa32bb6-31a3-47e4-bd4c-868dbd031283.png?v=20160209.1158
15,39 €
5,13 € / l

GT vein TBILVINO Saperavi 750ml
https://www.e-maxima.ee/SiteImages/Inventory/f/4/4/f4472afc-e8da-4679-8db9-be53e3c8a64e.png?v=20160209.1158
7,49 €
9,99 € / l

KPN-kv.v BONACCHI Chianti DOCG 750ml
https://www.e-maxima.ee/SiteImages/Inventory/d/f/6/df668542-b4bc-4cf2-9739-899b7e491a4e.png?v=20160209.1158
8,99 €
11,99 € / l

Vein CARACTER CabernetSauvign.750ml
https://www.e-maxima.ee/SiteImages/Inventory/0/a/3/0a339e73-b383-42c5-b664-3cb987cf2a2d.png?v=20160209.1158
3,99 €
5,32 € / l

GT vein JACOB&#39;S CREEK Shiraz 750ml
https://www.e-maxima.ee/SiteImages/Inventory/e/c/8/ec84d94e-f85d-42ef-97b9-e9cfc61f0d91.png?v=20160209.1158
9,19 €
12,25 € / l

GT vein CASILLERO DEL DIABLO Carm.750ml
https://www.e-maxima.ee/SiteImages/Inventory/9/5/1/95123a18-9b50-4d7e-80ed-d56f56618e13.png?v=20160209.1158
9,29 €
12,39 € / l

Vein MOUNT RILEY Pinot noir 750ml
https://www.e-maxima.ee/SiteImages/Inventory/e/1/e/e1e980ec-8379-4084-9ef1-ac345467435d.png?v=20160209.1158
11,49 €
15,32 € / l

KPN- vein GRAN CASTILLO CabSauv.750ml
https://www.e-maxima.ee/SiteImages/Inventory/1/3/6/1361cd30-b168-4cb2-936b-1a0bb1e3e875.png?v=20160209.1158
5,99 €
7,99 € / l

KPN vein GRAN CASTILLO Shiraz 750ml
https://www.e-maxima.ee/SiteImages/Inventory/7/6/f/76f69729-eb89-4480-a710-860235beeb03.png?v=20160209.1158
5,99 €
7,99 € / l

GT kuiv vein ROBERTSON Shiraz 750ml
https://www.e-maxima.ee/SiteImages/Inventory/c/5/a/c5a90363-ffc6-4edf-aca5-019c3d2706ad.png?v=20160209.1158
7,39 €
9,85 € / l

KGT v.vein J.P.CHENET poolmagus 750ml
https://www.e-maxima.ee/SiteImages/Inventory/e/d/5/ed5b7c2d-9089-4777-bca9-2b4d60953b07.png?v=20160209.1158
4,69 €
6,25 € / l

KGT val.vein B&amp;G Chardonnay Reserve750ml
https://www.e-maxima.ee/SiteImages/Inventory/5/8/5/58591979-f7c9-4751-85a2-139fb57cce64.png?v=20160209.1158
7,29 €
9,72 € / l

GT vein FRONTERA Chardonnay 750ml
https://www.e-maxima.ee/SiteImages/Inventory/6/4/1/641d3042-3a0d-4473-93be-dc4893862e9f.png?v=20160209.1158
5,99 €
7,99 € / l

KGT vein DREAMER Chardonnay 750ml
https://www.e-maxima.ee/SiteImages/Inventory/8/e/4/8e4f4b03-527a-4fa7-9b17-81b1b304cba8.png?v=20160209.1158
5,39 €
7,19 € / l

GT vein CARSON`S Chardonnay 750ml
https://www.e-maxima.ee/SiteImages/Inventory/e/6/a/e6abe06e-c263-4702-8fa8-3053ed11f2e6.png?v=20160209.1158
3,99 €
5,32 € / l

GT vein GATO NEGRO Chardonnay 750ml
https://www.e-maxima.ee/SiteImages/Inventory/1/7/f/17f0513e-014c-47e4-9f59-04a6c7be0609.png?v=20160209.1158
6,59 €
8,79 € / l

KPN-kv.v. MOSELLAND Riesl.-Trocken 750ml
https://www.e-maxima.ee/SiteImages/Inventory/e/4/c/e4c18975-820b-41b7-abc4-25b7da2d3681.png?v=20160209.1158
6,89 €
9,19 € / l

KPN vein MOSELLAND Riesling Kab.750ml
https://www.e-maxima.ee/SiteImages/Inventory/f/9/2/f92e5d33-2629-4618-82e3-b04e78f06b44.png?v=20160209.1158
6,99 €
9,32 € / l

GT vein JACOBS CREEK Chardonnay750ml
https://www.e-maxima.ee/SiteImages/Inventory/3/6/5/3656a993-307c-48d9-8478-59de91bfa8b2.png?v=20160209.1158
9,19 €
12,25 € / l

KPN-kv.v.v.TORRES S.Valent.Parel. 750ml
https://www.e-maxima.ee/SiteImages/Inventory/1/a/0/1a061278-2aa9-484f-8081-1b13cb3c70a0.png?v=20160209.1158
7,69 €
10,25 € / l

GT vein JACOBS CREEK Riesling 750ml
https://www.e-maxima.ee/SiteImages/Inventory/d/8/7/d872c656-c5c4-4668-988d-053205aa4387.png?v=20160209.1158
8,89 €
11,85 € / l

KGT valge vein B&amp;G Sauvignon Blanc 750ml
https://www.e-maxima.ee/SiteImages/Inventory/6/2/9/62907a63-a0aa-4922-95c1-f94e6659d7e8.png?v=20160209.1158
7,29 €
9,72 € / l

KGT vein TONINO bianco 750ml
https://www.e-maxima.ee/SiteImages/Inventory/8/3/7/83767c56-d018-48dc-b75b-de378de063b3.png?v=20160209.1158
5,79 €
7,72 € / l

GT poolmag.vein ALAZANI Valley val.750ml
https://www.e-maxima.ee/SiteImages/Inventory/7/7/6/776db3db-533c-4c3d-b53d-1104ee16b5d9.png?v=20160209.1158
5,89 €
7,85 € / l

KPN vein LOS MOLINOS valge 750ml
https://www.e-maxima.ee/SiteImages/Inventory/d/0/0/d0036aa9-08b8-461a-8c4a-da6baaedebfb.png?v=20160209.1158
4,39 €
5,85 € / l

GT vein CAMPERO Chardonnay 750ml
https://www.e-maxima.ee/SiteImages/Inventory/7/b/4/7b408925-1aad-4ae8-a22a-b9f7dbd5fa31.png?v=20160209.1158
5,29 €
7,05 € / l

KPN v.v.PETER MERTES Liebfraumil. 3L,BIB
https://www.e-maxima.ee/SiteImages/Inventory/a/c/5/ac5849d8-9dcf-45b3-a3d9-e029286b2bdb.png?v=20160209.1158
10,49 €
3,50 € / l

GT vein MOUNTAIN RILEY Sauv.Bl.750ml
https://www.e-maxima.ee/SiteImages/Inventory/5/8/f/58f019ea-e347-4a46-b9be-61ebe2bd6b18.png?v=20160209.1158
11,99 €
15,99 € / l

GT vein ALAZANIS VALLEY poolmagus 750ml
https://www.e-maxima.ee/SiteImages/Inventory/d/4/4/d446d94d-a75d-44ce-b471-fa874ab476af.png?v=20160209.1158
4,49 €
5,99 € / l

Vein VAUCHER Cuvee Blanc 750ml
https://www.e-maxima.ee/SiteImages/Inventory/9/8/6/986c8935-0978-434d-8a18-0f882486bd6a.png?v=20160209.1158
4,89 €
6,52 € / l

KPN vein VAUCHER Chablis 750ml
https://www.e-maxima.ee/SiteImages/Inventory/6/a/7/6a72c7d3-40cd-4ba7-9b20-e0e7427e9fd1.png?v=20160209.1158
11,49 €
15,32 € / l

KGT vein DREAMER Chardonnay 3L BIB
https://www.e-maxima.ee/SiteImages/Inventory/1/e/d/1edd70e5-2336-404b-8e3a-fb27afedcd98.png?v=20160209.1158
15,39 €
5,13 € / l

GT vein TBILVINO Tsinandali 750ml
https://www.e-maxima.ee/SiteImages/Inventory/3/b/7/3b7e6429-55f7-4b81-a554-e7863642642a.png?v=20160209.1158
6,19 €
8,25 € / l

GT vein SANTA RITA 120 Res.Chard. 750ml
https://www.e-maxima.ee/SiteImages/Inventory/1/c/d/1cde60c1-01a7-4812-b7bc-d8d235f346bb.png?v=20160209.1158
9,89 €
13,19 € / l

Vein CARACTER CheninChardon.750ml
https://www.e-maxima.ee/SiteImages/Inventory/a/a/5/aa5b57dc-2832-4e44-9ae6-8ceda192e351.png?v=20160209.1158
3,99 €
5,32 € / l

KPN-vein DR.LOOSEN Ries 750ml
https://www.e-maxima.ee/SiteImages/Inventory/9/4/4/9445de97-43d8-4b6a-b163-4852c26369bb.png?v=20160209.1158
8,89 €
11,85 € / l

KPN vein CAMPO VIOJO Viura 750ml
https://www.e-maxima.ee/SiteImages/Inventory/b/c/2/bc257371-4f77-4c62-a508-f3e85d6e6755.png?v=20160209.1158
6,49 €
8,65 € / l

KPN vein HUGEL Tradition 750ml
https://www.e-maxima.ee/SiteImages/Inventory/a/6/6/a66c1746-c001-4ef1-9a33-71d201ad9f6b.png?v=20160209.1158
12,99 €
17,32 € / l

KPN vein GRAN CASTILLO Moscatel 750ml
https://www.e-maxima.ee/SiteImages/Inventory/6/8/a/68acbd92-e1d3-42d2-bb5d-b6a6d99be629.png?v=20160209.1158
5,99 €
7,99 € / l

GT kuiv vein ROBERTSON Chen.Blanc 750ml
https://www.e-maxima.ee/SiteImages/Inventory/4/6/d/46d120df-ab5a-4121-ac7f-f2659383bc19.png?v=20160209.1158
7,29 €
9,72 € / l

KPN vein VAUCHER Ventoux Blanc 750ml
https://www.e-maxima.ee/SiteImages/Inventory/5/4/c/54c76267-3aab-4fcc-8844-05fd4e210244.png?v=20160209.1158
5,99 €
7,99 € / l

GT vein WOODHAVEN Chardonnay 750ml
https://www.e-maxima.ee/SiteImages/Inventory/3/8/7/38773361-1f0f-4330-956d-b1e9f528d9ef.png?v=20160209.1158
7,79 €
10,39 € / l

Arom. veinijook TAKARA Plum 10% 750ml
https://www.e-maxima.ee/SiteImages/Inventory/4/2/3/42328a13-7c20-4828-bf1c-b42b47744a29.png?v=20160209.1158
10,39 €
13,85 € / l

Valge vein MAORI BAY Sauvig.Blanc 750ml
https://www.e-maxima.ee/SiteImages/Inventory/d/2/6/d26acc34-7b58-44cf-af1b-b5195aa52722.png?v=20160209.1158
8,59 €
11,45 € / l

GT vein FRONTERA Late Harvest 750ml
https://www.e-maxima.ee/SiteImages/Inventory/4/7/0/470fbd4a-e925-4a5a-8378-2d1abfbb2ddd.png?v=20160209.1158
6,59 €
8,79 € / l

KGT vein GRAND SÜD Chard.Colombard 1L
https://www.e-maxima.ee/SiteImages/Inventory/9/6/0/960c0d8c-7dc4-4547-9da7-e3106f3da61b.png?v=20160209.1158
5,79 €
5,79 € / l

GT vein JACOB&#39;S CREEK Pinot Grigio750ml
https://www.e-maxima.ee/SiteImages/Inventory/1/1/d/11d23307-7d21-4a9e-b880-0a82e0375213.png?v=20160209.1158
8,89 €
11,85 € / l

GT vein valg.ROBERTSON Nat.Sw.750ml
https://www.e-maxima.ee/SiteImages/Inventory/0/8/9/0894f677-733c-4074-b4bf-f8ac2c4ca345.png?v=20160209.1158
5,79 €
7,72 € / l

GT vein ROBERTSON Chardonnay 3L
https://www.e-maxima.ee/SiteImages/Inventory/a/1/e/a1ef2425-c8d6-443c-8c6f-d915332fdf25.png?v=20160209.1158
18,09 €
6,03 € / l

GT vein ALAZANI Iveriuli valge 750ml
https://www.e-maxima.ee/SiteImages/Inventory/9/3/4/9345f154-d9fe-4c37-8fd2-b5a217f9ea82.png?v=20160209.1158
5,89 €
7,85 € / l

Vein CAPE SPRING Chenin Blanc kuiv 750ml
https://www.e-maxima.ee/SiteImages/Inventory/c/e/f/cef796b2-140c-4c99-8c91-de5a612706cc.png?v=20160209.1158
4,39 €
5,85 € / l

KPN vein MOSELLAND Riesling 500ml
https://www.e-maxima.ee/SiteImages/Inventory/6/1/f/61fb1bd1-062b-4483-b057-13c017f2853d.png?v=20160209.1158
9,69 €
19,38 € / l

GT vein PICCINI Bianco Tos. 750ml
https://www.e-maxima.ee/SiteImages/Inventory/b/1/5/b1554f27-cbd1-4578-97a6-eda92c51151c.png?v=20160209.1158
6,29 €
8,39 € / l

KPN-vein valge BLUE NUN Riv.Ries.750ml
https://www.e-maxima.ee/SiteImages/Inventory/0/3/a/03a247c6-2de6-4e00-bd7b-4316825371f0.png?v=20160209.1158
7,49 €
9,99 € / l

KGT v.v. LES SENSIBLES Chardonnay 750ml
https://www.e-maxima.ee/SiteImages/Inventory/d/5/2/d521d087-a3df-4685-b0a5-a605d49d5ee3.png?v=20160209.1158
5,99 €
7,99 € / l

KPN-v.vein GRAN CASTILLO Viu.Chard.750ml
https://www.e-maxima.ee/SiteImages/Inventory/5/b/e/5be7d97e-5569-43e7-8655-2aeda7866162.png?v=20160209.1158
5,99 €
7,99 € / l

Vein BLUE NUN Medium 750ml
https://www.e-maxima.ee/SiteImages/Inventory/a/4/4/a44898b6-db7e-4e9f-ad53-af02b876ba93.png?v=20160209.1158
8,49 €
11,32 € / l

KPN kuiv vein MAYBACH Riesling 750ml
https://www.e-maxima.ee/SiteImages/Inventory/a/e/0/ae0019bd-13ee-4e40-8135-f391517e11a4.png?v=20160209.1158
4,89 €
6,52 € / l

KPN poolkuiv vein MAYBACH Riesling 750ml
https://www.e-maxima.ee/SiteImages/Inventory/7/a/7/7a7334bd-7e5e-461c-89cb-22bbd421dc66.png?v=20160209.1158
4,89 €
6,52 € / l

KPN magus vein MAYBACH Riesling 750ml
https://www.e-maxima.ee/SiteImages/Inventory/9/d/e/9de213c7-1cc7-47a5-bc2a-db481b6f2df3.png?v=20160209.1158
4,89 €
6,52 € / l

Hõõgvein KARKSI Karoliina 11%750ml
https://www.e-maxima.ee/SiteImages/Inventory/2/8/a/28ab7796-c082-4204-b052-8d0e9f9bbad2.png?v=20160209.1158
3,19 €
4,25 € / l

Arom.veinij.PORTE DU SOLEIL Rose 2.25L
https://www.e-maxima.ee/SiteImages/Inventory/b/e/6/be6233c2-bfd6-4377-876a-bf1cc2fd1e33.png?v=20160209.1158
10,99 €
4,88 € / l

Arom.v.jook MARTINI Roy.Bianco 8% 750ml
https://www.e-maxima.ee/SiteImages/Inventory/8/d/5/8d5f4e1e-a83d-4f6f-b9f1-b675d7d11473.png?v=20160209.1158
10,29 €
13,72 € / l

Arom.v.jook MARTINI Roy.Rosato 8% 750ml
https://www.e-maxima.ee/SiteImages/Inventory/1/3/6/136a01cd-57fb-4c2c-b93f-4b32cc4da26d.png?v=20160209.1158
10,19 €
13,59 € / l

Veinikokt.ICE CUVEE White Frizzan.750ml
https://www.e-maxima.ee/SiteImages/Inventory/e/c/6/ec6a9410-ec71-454b-8dda-146c48b85605.png?v=20160209.1158
4,39 €
5,85 € / l

Sangria SUPERSOL
https://www.e-maxima.ee/SiteImages/Inventory/b/a/b/babb47e9-4dcc-4dcb-8cde-1596e81424ae.png?v=20160209.1158
2,99 €
2,99 € / l

Sangria ED HARDY 1.5L
https://www.e-maxima.ee/SiteImages/Inventory/7/7/1/771d8b5f-d094-4861-b58e-e2f7e8ddeaf7.png?v=20160209.1158
4,89 €
3,26 € / l

Sangria ED HARDY 3L
https://www.e-maxima.ee/SiteImages/Inventory/e/9/a/e9a450f2-51c4-4827-9241-43ce4f01c5e2.png?v=20160209.1158
9,89 €
3,30 € / l

KPN Liköörvein ROZES Tawny Port 750ml
https://www.e-maxima.ee/SiteImages/Inventory/f/b/5/fb50b68c-faf7-43c8-90ff-864bfcfd050b.png?v=20160209.1158
9,99 €
13,32 € / l

KPN liköörvein ROZES White Port 750ml
https://www.e-maxima.ee/SiteImages/Inventory/a/a/9/aa9a7eba-93d3-4882-bca8-6a26d6d36f04.png?v=20160209.1158
9,99 €
13,32 € / l

KPN Liköörvein ROZES Ruby Port 750ml
https://www.e-maxima.ee/SiteImages/Inventory/9/2/3/9235f846-8d5f-4a78-b974-605aa3cab001.png?v=20160209.1158
9,99 €
13,32 € / l

KPN-kv.vahuvein MARTINI ASTI 750ml
https://www.e-maxima.ee/SiteImages/Inventory/5/6/b/56b334c4-686e-437a-aaec-1da4449482fe.png?v=20160209.1158
6,29 €
8,39 € / l

KP-kv.vahuveinVEUVE Clic.P.Br.750ml+karp
https://www.e-maxima.ee/SiteImages/Inventory/f/c/1/fc1a5048-8878-4523-b275-b0d0d37def09.png?v=20160209.1158
52,90 €
70,53 € / l

KP-kv vahuv.MOET Brut Imperial 750ml+box
https://www.e-maxima.ee/SiteImages/Inventory/a/e/e/aeee6ce9-4142-4278-a488-e9080ba1279f.png?v=20160209.1158
28,99 €
38,65 € / l

KPN-kv.vah.MOET&amp;CHANDON Nectar Imp.750ml
https://www.e-maxima.ee/SiteImages/Inventory/f/7/d/f7d6fbe7-03d6-4275-966a-f935bb3b3f1a.png?v=20160209.1158
42,99 €
57,32 € / l

Vahuvein TÖRLEY Muscateller 750ml
https://www.e-maxima.ee/SiteImages/Inventory/1/8/8/1889315e-0125-4332-a647-1a0ee1d92923.png?v=20160209.1158
4,45 €
5,93 € / l

Kvalit.vahuv. TÖRLEY CHARMANT 750ml
https://www.e-maxima.ee/SiteImages/Inventory/f/6/2/f62988f6-0ace-4bb4-a597-72b56b8c98f8.png?v=20160209.1158
4,89 €
6,52 € / l

KP-kv.vahuvein DOM PERIGNON 750ml+box
https://www.e-maxima.ee/SiteImages/Inventory/e/4/1/e41d1c8c-6b2d-4e18-958b-39869a590624.png?v=20160209.1158
209,00 €
278,67 € / l

KPN-kv.vahuv.VCP Demi Sec 750ml+karp
https://www.e-maxima.ee/SiteImages/Inventory/9/b/0/9b088b2f-0a8a-439b-822a-3661cd719d3a.png?v=20160209.1158
44,99 €
59,99 € / l

Vahuv. ITALIANA Prestige poolkuiv 750ml
https://www.e-maxima.ee/SiteImages/Inventory/2/2/a/22a2ed7b-391e-4294-acc3-63b72428e0f2.png?v=20160209.1158
3,79 €
5,05 € / l

Vahuvein ITALIANA Prestige magus 750ml
https://www.e-maxima.ee/SiteImages/Inventory/a/b/1/ab1a8b40-9ee9-41cc-ba0f-120356bf9d65.png?v=20160209.1158
3,79 €
5,05 € / l

Vahuvein ITALIANA Prestige kuiv 750ml
https://www.e-maxima.ee/SiteImages/Inventory/0/6/a/06a76366-f1c7-4437-8fa1-2add724eb79c.png?v=20160209.1158
3,79 €
5,05 € / l

Vahuvein ALITA Chardon.SemiDry 11% 750ml
https://www.e-maxima.ee/SiteImages/Inventory/6/2/3/62356eae-532c-425f-8741-e5cbead37f49.png?v=20160209.1158
3,49 €
4,65 € / l

Vahuvein ALITA Muscat Sweet 11% 750ml
https://www.e-maxima.ee/SiteImages/Inventory/e/e/7/ee79f1e5-54ed-4231-a67b-910fec4673ba.png?v=20160209.1158
3,49 €
4,65 € / l

Arom.veinijook BLUE NUN 22K GoldEd.750ml
https://www.e-maxima.ee/SiteImages/Inventory/8/3/1/831a9dfd-8034-46af-952a-dbb4d8085320.png?v=20160209.1158
10,39 €
13,85 € / l

Vahuvein ROCCA DEI FORTI Dolce 9,5% 750m
https://www.e-maxima.ee/SiteImages/Inventory/8/b/4/8b447575-be61-48e1-b48f-abf965affa21.png?v=20160209.1158
3,99 €
5,32 € / l

Vahuvein ROCCA DEI FORTI Brut 11,5%750ml
https://www.e-maxima.ee/SiteImages/Inventory/c/6/a/c6abd3b4-756e-460d-a604-caa0174ff1df.png?v=20160209.1158
3,99 €
5,32 € / l

Vahuvein ROCCA DEI FORTI Demi Sec 750ml
https://www.e-maxima.ee/SiteImages/Inventory/e/b/2/eb2add16-d5a9-4d05-8538-f94386f71d2b.png?v=20160209.1158
3,99 €
5,32 € / l

KP-kv.vahuvein MOET&amp;CHAN. B.IM.R. 750ml
https://www.e-maxima.ee/SiteImages/Inventory/5/8/e/58e9a154-3857-4b5e-80b7-beb07c8c8dbb.png?v=20160209.1158
58,90 €
78,53 € / l

Vahuvein PRINCE HENRY  Demi-Sec 11% 75cl
https://www.e-maxima.ee/SiteImages/Inventory/7/9/2/7929860f-aef2-4b7f-a0a3-ded270444b2b.png?v=20160209.1158
4,99 €
6,65 € / l

Vahuvein GRAND CAVALIER Med.Dry 750ml
https://www.e-maxima.ee/SiteImages/Inventory/6/9/e/69e0c6dc-34c5-41ce-a245-7368ec2e4372.png?v=20160209.1158
5,79 €
7,72 € / l

Kv.vahuvein GRAND CAVALIER Sweet 750ml
https://www.e-maxima.ee/SiteImages/Inventory/e/4/d/e4d63301-40d0-4c3c-b161-b54c283f931f.png?v=20160209.1158
5,79 €
7,72 € / l

Vahuvein ROCCA DEI FORTI Fragolino 75cl
https://www.e-maxima.ee/SiteImages/Inventory/f/1/2/f128ff7b-a55a-4265-a23a-88ba36e7994f.png?v=20160209.1158
3,99 €
5,32 € / l

KPN kv.vahuvein CRISTALINO S.Seco 750ml
https://www.e-maxima.ee/SiteImages/Inventory/0/e/c/0ec31dfd-fb0c-481c-a663-0ad4d79598ff.png?v=20160209.1158
7,49 €
9,99 € / l

Gas.puuv.vein ZOLOTOE POLUSLADKOE 750ml
https://www.e-maxima.ee/SiteImages/Inventory/4/3/b/43ba5559-b79e-4ed3-8295-b4e48d840de8.png?v=20160209.1158
2,19 €
2,92 € / l

KPN vahuvein ZONIN Prosecco Cuvee 750ml
https://www.e-maxima.ee/SiteImages/Inventory/c/4/7/c4795b50-5ccc-4775-879b-cd729c9bad19.png?v=20160209.1158
7,99 €
10,65 € / l

Vahuvein ALITA Rose 750 ml
https://www.e-maxima.ee/SiteImages/Inventory/0/8/7/0872407f-a622-4a3b-a838-874beaa32d4a.png?v=20160209.1158
3,49 €
4,65 € / l

KPN kv.vahuvein LE COLLINE Asti 750ml
https://www.e-maxima.ee/SiteImages/Inventory/e/6/4/e645bb83-cf60-4af8-b838-fe69cfaca3d1.png?v=20160209.1158
4,99 €
6,65 € / l

KPN poolv.v.KAFER Prosecco Friz.Dr.750ml
https://www.e-maxima.ee/SiteImages/Inventory/e/c/5/ec5ac1bc-537f-4998-a6d8-e8bddf0c6ba9.png?v=20160209.1158
6,59 €
8,79 € / l

Poolvahuvein ROCCA 8 Prosecco 750ml
https://www.e-maxima.ee/SiteImages/Inventory/4/9/6/49604f8c-f336-4f9c-94f2-2b70f912a2ef.png?v=20160209.1158
7,29 €
9,72 € / l

Vahuvein NUA Brut, 750ml
https://www.e-maxima.ee/SiteImages/Inventory/c/4/d/c4d64152-79b4-411d-9edd-103f05a322b0.png?v=20160209.1158
4,89 €
6,52 € / l

Vahuvein J.P.CHENET Ice Edition 750ml
https://www.e-maxima.ee/SiteImages/Inventory/8/d/a/8da9895c-30db-4a83-aeef-4391c63152e9.png?v=20160209.1158
5,99 €
7,99 € / l

Vahuvein SOVETSKOJE Polusladkoe 750ml
https://www.e-maxima.ee/SiteImages/Inventory/5/c/8/5c862356-b81d-4f28-90aa-60c8cb9712cb.png?v=20160209.1158
2,89 €
3,85 € / l

Vahuvein SOVETSKOJE Zolotoje 750ml
https://www.e-maxima.ee/SiteImages/Inventory/a/b/8/ab868cae-74e0-48a1-9754-9f8d9b46600d.png?v=20160209.1158
2,89 €
3,85 € / l

Šampanja CHARLES MONTAINE Brut 750ml
https://www.e-maxima.ee/SiteImages/Inventory/6/8/5/6851318d-bbca-494e-be6d-78bd2acb3d3e.png?v=20160209.1158
19,99 €
26,65 € / l

Šampanja CHARLES MONTAINE Demi Sec 750ml
https://www.e-maxima.ee/SiteImages/Inventory/3/d/0/3d0e2acb-e76b-449b-b6a2-2d13ce8eae64.png?v=20160209.1158
19,99 €
26,65 € / l

KPN p.v.vein Prosecco MIONETTO Brut750ml
https://www.e-maxima.ee/SiteImages/Inventory/8/3/d/83d24489-118e-48d6-b82f-970abb55447f.png?v=20160209.1158
5,99 €
7,99 € / l

KPN p.v.vein Prosecco MIONETTO Sup.750ml
https://www.e-maxima.ee/SiteImages/Inventory/5/f/6/5f6ba0b8-ef17-40f5-b57c-ef1554b46ef4.png?v=20160209.1158
6,99 €
9,32 € / l

Vahuvein J.P.CHENET Ice Rose 750ml
https://www.e-maxima.ee/SiteImages/Inventory/1/b/9/1b9ad735-d0d7-4f03-bbf5-a62beb6c167b.png?v=20160209.1158
5,99 €
7,99 € / l

Puuviljavahuvein COSMOPOLITAN Diva 750ml
https://www.e-maxima.ee/SiteImages/Inventory/0/b/4/0b480c68-3f58-43ad-8bf7-51bbff858751.png?v=20160209.1158
2,99 €
3,99 € / l

Muu piir.jook TequilaOlmecaGold 38% 0.7l
https://www.e-maxima.ee/SiteImages/Inventory/1/c/e/1ce30552-2f9e-4506-ae4c-9991917869ca.png?v=20160209.1158
23,15 €
33,07 € / l

Muu piir.jook SIERRA Silv.tekiila38%0.5l
https://www.e-maxima.ee/SiteImages/Inventory/a/3/9/a399c2ad-32d1-41c4-a7d5-7439f8447bbb.png?v=20160209.1158
19,99 €
39,98 € / l

Muu piir.jook SIERRA Rep.tekiila38% 0.5l
https://www.e-maxima.ee/SiteImages/Inventory/2/e/d/2edc206c-8d9d-4b05-a390-b2053dffb7e5.png?v=20160209.1158
20,99 €
41,98 € / l

Muu piir.jook OLMECA BLANCO 38% 700ml
https://www.e-maxima.ee/SiteImages/Inventory/0/4/f/04fb6887-064b-4415-a73c-e8c4cd96fb73.png?v=20160209.1158
26,39 €
37,70 € / l

Tequila EL TORO Silver 38% 700ml
https://www.e-maxima.ee/SiteImages/Inventory/1/8/b/18b6d838-2643-43ae-91a0-3dc194358cec.png?v=20160209.1158
13,69 €
19,56 € / l

Tequila EL TORO Gold 38% 700ml
https://www.e-maxima.ee/SiteImages/Inventory/3/d/3/3d3b06e9-4c5c-4e45-90c9-d7bf900a8962.png?v=20160209.1158
13,89 €
19,84 € / l

Muu piir.jook TRES SOMBREROS Gold38%0.7l
https://www.e-maxima.ee/SiteImages/Inventory/a/9/2/a92cd3d5-4ed0-4f73-b239-310c471c9a5d.png?v=20160209.1158
16,69 €
23,84 € / l

Muu piir.jook TRES SOMBREROS 38% 700ml
https://www.e-maxima.ee/SiteImages/Inventory/2/e/2/2e2f3d43-4792-455c-8177-6200a5692a8b.png?v=20160209.1158
18,19 €
25,99 € / l

Tekiila SAUZA TEQUILA Hornitos 38% 700ml
https://www.e-maxima.ee/SiteImages/Inventory/c/a/3/ca34bbcd-d0a9-46d5-8ad7-89eabd328afc.png?v=20160209.1158
33,49 €
47,84 € / l

Muu piir.jook SIERRA MIL.Blanco41.5%0.7l
https://www.e-maxima.ee/SiteImages/Inventory/a/e/7/ae73478e-21dc-4aea-bb68-f25b091ada4d.png?v=20160209.1158
33,99 €
48,56 € / l

Muu piir.jook SIERRA MILENARIO 41.5%0.7l
https://www.e-maxima.ee/SiteImages/Inventory/b/8/2/b821b4d4-8c5c-437c-ac39-bb7867867bd0.png?v=20160209.1158
42,89 €
61,27 € / l

Muu piir.jook PATRON Silv.tekiila40%0.7l
https://www.e-maxima.ee/SiteImages/Inventory/d/8/d/d8d962cd-c39e-4b51-b1af-a24839f151b8.png?v=20160209.1158
52,25 €
74,64 € / l

Muu piir.jook PATRON Rep.tekiila 40%0.7l
https://www.e-maxima.ee/SiteImages/Inventory/4/d/8/4d8fa975-b8bd-4309-987b-3a5e62471152.png?v=20160209.1158
59,79 €
85,41 € / l

Muu piir.jook PATRON An. tekiila 40%0.7l
https://www.e-maxima.ee/SiteImages/Inventory/5/e/3/5e34d288-260c-4c3d-ab6a-d2bbdc0965cb.png?v=20160209.1158
64,75 €
92,50 € / l

Whisky J.WALKER LABEL 40% 500ml
https://www.e-maxima.ee/SiteImages/Inventory/5/e/9/5e9d908c-8b89-4206-aaa3-fa882d282635.png?v=20160209.1158
16,59 €
33,18 € / l

Whisky TULLAMORE 40% 700ml
https://www.e-maxima.ee/SiteImages/Inventory/c/d/7/cd7dd33d-1fe2-415e-91cc-63f4d212b309.png?v=20160209.1158
25,39 €
36,27 € / l

Whisky TULLAMORE 40% 1l
https://www.e-maxima.ee/SiteImages/Inventory/1/c/8/1c8bb7f7-eb14-494e-a947-95ddf2e76bad.png?v=20160209.1158
34,99 €
34,99 € / l

Whisky SCOTTISH LEADER 40% 500ml
https://www.e-maxima.ee/SiteImages/Inventory/b/5/c/b5c99899-6678-4246-80f4-55b5a979c34e.png?v=20160209.1158
15,69 €
31,38 € / l

Whisky bourbon KENTUCKY JACK 40% 700ml
https://www.e-maxima.ee/SiteImages/Inventory/2/2/8/2283b00e-f6c4-4093-9b4b-fd4533531ff1.png?v=20160209.1158
20,05 €
28,64 € / l

Whisky CHIVAS REGAL 12 YO 40% 700ml
https://www.e-maxima.ee/SiteImages/Inventory/c/f/3/cf34682b-dc19-43cb-85f4-28b1df3e9cd7.png?v=20160209.1158
43,79 €
62,56 € / l

Whisky BALLANTINES FINEST 40% 500ml
https://www.e-maxima.ee/SiteImages/Inventory/b/0/2/b02406d8-751e-4aa0-bb7f-9fb704c6317f.png?v=20160209.1158
12,99 €
25,98 € / l

Whisky BALLANTINES FINEST 40% 700ml
https://www.e-maxima.ee/SiteImages/Inventory/4/f/1/4f146a05-5654-4b8b-b13b-d41bb812fb82.png?v=20160209.1158
17,39 €
24,84 € / l

Whisky BALLANTINE´s 12YO 40% 700ml, karp
https://www.e-maxima.ee/SiteImages/Inventory/6/0/2/6024dce3-1048-4e48-9d52-aacac23eb1cb.png?v=20160209.1158
29,99 €
42,84 € / l

Whisky TULLAMORE (karp) 40% 700ml
https://www.e-maxima.ee/SiteImages/Inventory/b/a/e/baea075f-d369-4fd3-a14e-77ebfe8ca818.png?v=20160209.1158
19,99 €
28,56 € / l

Whisky GRANT&#39;S The Family Res.40% 500ml
https://www.e-maxima.ee/SiteImages/Inventory/0/0/2/00258192-84ef-493f-bc55-e25ecd84ab8f.png?v=20160209.1158
14,99 €
29,98 € / l

Whisky GRANT&#39;S The Family Reserve40%700m
https://www.e-maxima.ee/SiteImages/Inventory/4/b/8/4b88106b-93fb-4936-93fa-73d9046119aa.png?v=20160209.1158
20,69 €
29,56 € / l

Whisky GLENFIDDICH 12YO Spec.Res.40%700m
https://www.e-maxima.ee/SiteImages/Inventory/3/b/6/3b69b06a-8385-4f0b-abca-7810c4fab2d1.png?v=20160209.1158
35,59 €
50,84 € / l

Whisky GLENFIDDICH 15YO 40% 700ml
https://www.e-maxima.ee/SiteImages/Inventory/d/8/7/d8733ce6-ad55-4c69-abbd-be6ed993689b.png?v=20160209.1158
57,99 €
82,84 € / l

Whisky J.WALKER Black  Label 40% 500ml
https://www.e-maxima.ee/SiteImages/Inventory/2/d/5/2d53c460-955b-49e6-b52a-75f8771bcb42.png?v=20160209.1158
32,29 €
64,58 € / l

Whisky J.WALKER Black Label karp 40%700m
https://www.e-maxima.ee/SiteImages/Inventory/4/7/9/479b85e6-e5e3-4462-bc09-1d8c4c4ccee1.png?v=20160209.1158
40,99 €
58,56 € / l

Whisky J.WALKER Blue Label 40% 700ml
https://www.e-maxima.ee/SiteImages/Inventory/e/e/4/ee489c3d-160f-46f5-84fd-7df56e0add2c.png?v=20160209.1158
199,00 €
284,29 € / l

Whisky BUSHMILLS Original 40% 700ml
https://www.e-maxima.ee/SiteImages/Inventory/a/0/2/a02d1b8c-35fe-4c34-a21d-33e616a54c9a.png?v=20160209.1158
16,99 €
24,27 € / l

Muu piiritusjook CANADIAN GOLD 40% 700ml
https://www.e-maxima.ee/SiteImages/Inventory/3/a/3/3a345d47-00c2-41db-9106-5f2907bfac1a.png?v=20160209.1158
14,05 €
20,07 € / l

Whisky J.WALKER Red Label 40% 1L
https://www.e-maxima.ee/SiteImages/Inventory/3/e/f/3effe5ec-bed5-4aa6-a85b-479174f42e5a.png?v=20160209.1158
35,45 €
35,45 € / l

Whisky JAMESON IRISH 40% 500ml
https://www.e-maxima.ee/SiteImages/Inventory/3/9/a/39ab4853-dcf4-4a29-bb83-c5b807a30f14.png?v=20160209.1158
17,09 €
34,18 € / l

Whisky JACK DANIEL`S Black Label 40% 1l
https://www.e-maxima.ee/SiteImages/Inventory/c/7/e/c7eda415-3ccf-4c9e-b1e6-2dfd25c5d685.png?v=20160209.1158
42,25 €
42,25 € / l

Whisky W.GRANTS karbis 40% 700ml
https://www.e-maxima.ee/SiteImages/Inventory/b/5/a/b5aa9120-5f73-4a4b-9121-10718d719da8.png?v=20160209.1158
17,49 €
24,99 € / l

Whisky JIM BEAM White Label 4YO 40% 1l
https://www.e-maxima.ee/SiteImages/Inventory/e/d/1/ed17ab7f-1093-4a19-be71-eef2e8b1352d.png?v=20160209.1158
34,99 €
34,99 € / l

Whisky TULLAMORE 12YO 40% 700ml
https://www.e-maxima.ee/SiteImages/Inventory/5/d/2/5d28e014-160e-4f2f-8f2b-e6542f2e766d.png?v=20160209.1158
38,85 €
55,50 € / l

Whisky JAMESON IRISH 40% 4.5L
https://www.e-maxima.ee/SiteImages/Inventory/5/7/3/573225d3-fcdb-487f-8b53-7ebddf85051a.png?v=20160209.1158
143,50 €
31,89 € / l

Whisky TEACHER`S Highland Cream 40% 1l
https://www.e-maxima.ee/SiteImages/Inventory/f/f/d/ffdcdaf5-1dae-4b57-879f-e720d9b7c0c7.png?v=20160209.1158
20,99 €
20,99 € / l

Whisky CONNEMARA Irish S.Malt 40% 0.7L
https://www.e-maxima.ee/SiteImages/Inventory/c/d/6/cd630a97-13e7-48be-a97e-fc8eddcd93f4.png?v=20160209.1158
38,99 €
55,70 € / l

WhiskyLAPHROAIG 10YO 40% 700ml
https://www.e-maxima.ee/SiteImages/Inventory/6/d/e/6de305db-5614-4a4e-85c6-29e666cfaec4.png?v=20160209.1158
46,99 €
67,13 € / l

Whisky DOUGHERTY&#39;S Scotch 40% 700ml
https://www.e-maxima.ee/SiteImages/Inventory/c/e/e/ceee194d-af32-428c-81bb-80d9317b970c.png?v=20160209.1158
10,29 €
14,70 € / l

Muu piiritusjook POINTER 40% 700ml
https://www.e-maxima.ee/SiteImages/Inventory/5/d/8/5d8e75cc-696d-48d3-a6f5-2ae6ae4f0f53.png?v=20160209.1158
14,59 €
20,84 € / l

Whisky THE BENRIACH SINGLE MALT 40% 700m
https://www.e-maxima.ee/SiteImages/Inventory/a/7/6/a7603cda-9cca-4fe1-8d24-8dd248bc6429.png?v=20160209.1158
37,79 €
53,99 € / l

Whisky BALVENIE 12YO Doublew. 40% 700ml
https://www.e-maxima.ee/SiteImages/Inventory/e/c/7/ec7e7fbd-8196-46ca-8b76-de9910e8587f.png?v=20160209.1158
53,89 €
76,99 € / l

Whisky BUSHMILLS Black Bush 40% 700ml
https://www.e-maxima.ee/SiteImages/Inventory/8/4/6/84686d08-5a58-49ef-80a7-70bd8441136b.png?v=20160209.1158
19,99 €
28,56 € / l

Viski Chivas Regal 18 Rare Old 40% 0,7l
https://www.e-maxima.ee/SiteImages/Inventory/3/5/e/35ec7702-e8c6-4256-bb36-65feb1ab5a32.png?v=20160209.1158
64,19 €
91,70 € / l

Whisky Glenmorangie Original 40% 70cl
https://www.e-maxima.ee/SiteImages/Inventory/8/d/3/8d3168f5-3047-4bbc-80ab-362fd696fbb3.png?v=20160209.1158
44,49 €
63,56 € / l

Whisky CHIVAS Regal 12 YO 40% 4.5L
https://www.e-maxima.ee/SiteImages/Inventory/1/8/6/18693975-12b3-4138-852d-43d761ae4407.png?v=20160209.1158
223,00 €
49,56 € / l

Whisky BLACK BOTTLE 40% 700ml
https://www.e-maxima.ee/SiteImages/Inventory/5/2/5/525e38a7-b379-4fce-8654-8aae39fa2703.png?v=20160209.1158
30,79 €
43,99 € / l

Viski BOWMORE 12YO 40% 700ml karbis
https://www.e-maxima.ee/SiteImages/Inventory/8/9/f/89fe6ff6-4543-4d56-a478-7d30aa60212b.png?v=20160209.1158
48,89 €
69,84 € / l

Whisky BARCLAYS 40% 700ml
https://www.e-maxima.ee/SiteImages/Inventory/a/7/6/a7660684-8d32-45a6-ac38-ea68e5336cf2.png?v=20160209.1158
15,19 €
21,70 € / l

Viski TULLAMORE DEW10YO Sing.Mal.40%07.L
https://www.e-maxima.ee/SiteImages/Inventory/9/b/f/9bf8f8da-28aa-4f46-bca6-33a7adc55b9a.png?v=20160209.1158
32,99 €
47,13 € / l

Whisky BUNNAHABHAIN 12YO 46,3% 700ml
https://www.e-maxima.ee/SiteImages/Inventory/1/a/1/1a1af855-2d78-4d84-aea8-cdb9be6d0dd7.png?v=20160209.1158
44,99 €
64,27 € / l

Viski AUCHENTOSHAN 3 W. 43%700ml karb.
https://www.e-maxima.ee/SiteImages/Inventory/f/e/0/fe0a53f4-df42-44d0-ba37-4a61ad582a11.png?v=20160209.1158
75,85 €
108,36 € / l

Muu piir.jook JIM BEAM Red Stag 40%0.7L
https://www.e-maxima.ee/SiteImages/Inventory/9/9/9/99998dca-4a28-4ddf-bc55-f8e3c20a1fb1.png?v=20160209.1158
28,88 €
41,26 € / l

Viski  AUCHENTOSHAN 12Y 40% 700ml karb.
https://www.e-maxima.ee/SiteImages/Inventory/3/7/2/3726ba24-a2ed-4b1f-a604-bad9f9c4fd73.png?v=20160209.1158
45,19 €
64,56 € / l

Whisky J.WALKER Platinum 40% 700ml
https://www.e-maxima.ee/SiteImages/Inventory/d/2/e/d2e48a48-f193-43c7-88b9-65b24238e569.png?v=20160209.1158
83,89 €
119,84 € / l

Whisky J.WALKER Reserve 40% 700ml
https://www.e-maxima.ee/SiteImages/Inventory/e/2/f/e2f939f9-dbcd-4d07-bdca-372ff1fe100a.png?v=20160209.1158
56,79 €
81,13 € / l

Whisky NIKKA The Barrel 51.4% 500ml,karp
https://www.e-maxima.ee/SiteImages/Inventory/a/4/5/a457751a-b7a0-419f-b5ec-6e499f4ab9c8.png?v=20160209.1158
46,99 €
93,98 € / l

Whisky The Irishman Single Malt 40%700ml
https://www.e-maxima.ee/SiteImages/Inventory/5/7/8/57845f60-53dd-47e8-b5d6-015c3098ae58.png?v=20160209.1158
41,39 €
59,13 € / l

Whisky NIKKA All Malt 40% 700ml,karp
https://www.e-maxima.ee/SiteImages/Inventory/b/f/3/bf325c8f-1e42-48ed-bc11-f9152946a292.png?v=20160209.1158
39,59 €
56,56 € / l

Muu piir.jook RIGA BLACK BALSAM 45% 0.5l
https://www.e-maxima.ee/SiteImages/Inventory/c/a/2/ca2f4e3f-0b9e-47d6-84b3-aef609ce5ff2.png?v=20160209.1158
13,79 €
27,58 € / l

Muu piir.jook 999 40% 500ml
https://www.e-maxima.ee/SiteImages/Inventory/b/d/2/bd264c93-957e-4734-9840-9cf28b35cf3d.png?v=20160209.1158
12,45 €
24,90 € / l

Muu piir.jook Green 999 35% 500ml
https://www.e-maxima.ee/SiteImages/Inventory/2/c/5/2c58145f-0a34-42d2-81ef-2261d9d1c0a2.png?v=20160209.1158
12,35 €
24,70 € / l

Muu piir.jook BULBASH Kljukvenn.40%500ml
https://www.e-maxima.ee/SiteImages/Inventory/c/9/8/c987eedc-d312-4a88-98c1-1fd421659d64.png?v=20160209.1158
8,99 €
17,98 € / l

Muu piir.jook MEDOVUHA Gretšišn.40%0.5l
https://www.e-maxima.ee/SiteImages/Inventory/e/d/7/ed7810e5-43e2-4647-963d-432a5fb757e7.png?v=20160209.1158
13,09 €
26,18 € / l

Muu piir.jook Red 999 35% 500ml
https://www.e-maxima.ee/SiteImages/Inventory/b/f/3/bf339b60-93da-4947-af36-821e047f743b.png?v=20160209.1158
12,35 €
24,70 € / l

Muu piir.jook RIGA BLACK BALSAM 30%0.5l
https://www.e-maxima.ee/SiteImages/Inventory/e/8/3/e838cbca-803b-40f1-9448-5fe6a836b703.png?v=20160209.1158
9,29 €
18,58 € / l

Muu piiritusjook MEDOVUHA 40%500ml
https://www.e-maxima.ee/SiteImages/Inventory/9/6/c/96cfe9bf-17f9-4ea4-a92b-e26308363624.png?v=20160209.1158
10,85 €
21,70 € / l

Muu piir.jook BAJKA mustsõstra 40% 500ml
https://www.e-maxima.ee/SiteImages/Inventory/f/9/8/f9801977-71af-4939-a3f6-5dbb6133bce8.png?v=20160209.1158
9,89 €
19,78 € / l

Arom. vein Martini Extra Dry 1L
https://www.e-maxima.ee/SiteImages/Inventory/d/1/4/d143f028-727b-459e-bb26-8ed32daf52c3.png?v=20160209.1158
12,99 €
12,99 € / l

Aromat.vein MARTINI Bianco 15% 1L
https://www.e-maxima.ee/SiteImages/Inventory/7/d/6/7d634d63-aae5-48de-9281-89e17ffe87c4.png?v=20160209.1158
12,99 €
12,99 € / l

Arom.puuv.vein TINDELLA BiancoLight 1.5L
https://www.e-maxima.ee/SiteImages/Inventory/1/c/b/1cb2aa3b-ffc3-423c-a1ce-3beec8affcc6.png?v=20160209.1158
7,59 €
5,06 € / l

Vermut ITALIANA Bianco 1L
https://www.e-maxima.ee/SiteImages/Inventory/d/6/c/d6c7a215-426b-4f2c-8eeb-b09677695fb7.png?v=20160209.1158
5,99 €
5,99 € / l

Vermut ITALIANA Rosso 1L
https://www.e-maxima.ee/SiteImages/Inventory/6/1/9/619e5961-d99f-4072-9c4b-bdc1d4d7c8ba.png?v=20160209.1158
5,99 €
5,99 € / l

Vermut ITALIANA Lemon 1L
https://www.e-maxima.ee/SiteImages/Inventory/1/1/5/1156979a-fc60-47fe-888c-950bb247f8e5.png?v=20160209.1158
6,29 €
6,29 € / l

Vermut ITALIANA Orange 1L
https://www.e-maxima.ee/SiteImages/Inventory/3/c/4/3c48ea4b-26a7-4648-b1d8-7bd413956192.png?v=20160209.1158
6,29 €
6,29 € / l

Vermut ITALIANA Cherry 1L
https://www.e-maxima.ee/SiteImages/Inventory/4/5/9/45955002-25ce-436c-8bef-20e4054187fd.png?v=20160209.1158
6,29 €
6,29 € / l

Rumm BACARDI Superior 37,5% 500ml
https://www.e-maxima.ee/SiteImages/Inventory/a/4/8/a4893166-d838-456e-938e-2ad93edd135d.png?v=20160209.1158
16,15 €
32,30 € / l

Rumm CAPTAIN MORGAN Jamaica 40%700ml
https://www.e-maxima.ee/SiteImages/Inventory/b/a/d/bad6d212-2494-4744-b88a-baa97cc7a6c2.png?v=20160209.1158
24,85 €
35,50 € / l

Muu piir.jook CAPTAIN MORGAN 35% 700ml
https://www.e-maxima.ee/SiteImages/Inventory/1/b/7/1b710809-7829-4311-abcf-4425bb2b1b28.png?v=20160209.1158
13,99 €
19,99 € / l

Rumm BACARDI BLACK 40% 500ml
https://www.e-maxima.ee/SiteImages/Inventory/d/e/b/debaf29f-ea65-4772-9ebc-ff96545d34b4.png?v=20160209.1158
16,29 €
32,58 € / l

Rum MATUSALEM Clasico 10 YO 40% 700ml
https://www.e-maxima.ee/SiteImages/Inventory/5/a/b/5abb0b0c-62f4-4163-b96c-e82eb6012fb8.png?v=20160209.1158
20,99 €
29,99 € / l

Rumm OLD CAPTAIN CARIB.BROWN 37,5%700ml
https://www.e-maxima.ee/SiteImages/Inventory/2/0/d/20dcb1a2-7d93-4aad-bedc-daa385a77611.png?v=20160209.1158
17,15 €
24,50 € / l

Rumm OLD CAPTAIN CARIB. WHITE 37,5%700ml
https://www.e-maxima.ee/SiteImages/Inventory/2/d/d/2dd30375-73f8-44e9-be9c-8c3f4586dc87.png?v=20160209.1158
17,15 €
24,50 € / l

Rum CAPTAIN SILVER White 37.5% 700ml
https://www.e-maxima.ee/SiteImages/Inventory/c/1/7/c17a9da9-466c-48e4-a5ab-8b8b9bf655c4.png?v=20160209.1158
11,99 €
17,13 € / l

Rum CAPTAIN GOLD dark 37.5% 700ml
https://www.e-maxima.ee/SiteImages/Inventory/4/f/e/4fe76b87-d6bb-45e2-b5d4-1e8a17a905b4.png?v=20160209.1158
11,99 €
17,13 € / l

Rumm HAVANA CLUB Anejo 7 Anos 40% 700ml
https://www.e-maxima.ee/SiteImages/Inventory/0/7/6/076f5c63-c644-4edd-8b1c-b2fb954ac3a4.png?v=20160209.1158
29,39 €
41,99 € / l

Rumm CARIBBA Blanco 37,5% 500ml
https://www.e-maxima.ee/SiteImages/Inventory/b/2/2/b22cc9e9-4daf-43a9-b1f5-73b87ef41cc6.png?v=20160209.1158
10,79 €
21,58 € / l

Rumm CARIBBA Negro 37,5% 500ml
https://www.e-maxima.ee/SiteImages/Inventory/8/9/3/8932d7a7-1f3e-4630-9b02-759e71fb3b4f.png?v=20160209.1158
10,69 €
21,38 € / l

Muu piir.jook BACARDI RAZZ 32%700ml
https://www.e-maxima.ee/SiteImages/Inventory/b/8/3/b83386aa-fc10-4391-b2c6-fc5febf6dacf.png?v=20160209.1158
23,49 €
33,56 € / l

Rumm PYRAT XO Reserve 40% 700ml
https://www.e-maxima.ee/SiteImages/Inventory/9/3/7/937699c2-1cf9-4f67-9d85-f0ea4885adac.png?v=20160209.1158
37,85 €
54,07 € / l

Muu piir.jook BACARDI Oakheart 35% 700ml
https://www.e-maxima.ee/SiteImages/Inventory/c/c/b/ccb3c679-070d-4ca9-8b1e-765ade857080.png?v=20160209.1158
21,49 €
30,70 € / l

Muu piir.jook CARIBBA Xtabla 35% 500ml
https://www.e-maxima.ee/SiteImages/Inventory/a/a/d/aad21624-0b01-4566-a8c2-327f7985fd86.png?v=20160209.1158
10,79 €
21,58 € / l

Rumm HAVANA CLUB Sel.Maes.45% karp,700ml
https://www.e-maxima.ee/SiteImages/Inventory/8/e/c/8ec375b4-9e33-4c92-9124-58ef55f116d9.png?v=20160209.1158
49,69 €
70,99 € / l

Muu piir.jook CASABLANCA de Cuba 36%0.7l
https://www.e-maxima.ee/SiteImages/Inventory/b/8/c/b8c1fef9-07c3-4ac2-ba6e-1c7771602695.png?v=20160209.1158
15,05 €
21,50 € / l

Rumm CASABLANCA deCuba Dark 37.5% 700ml
https://www.e-maxima.ee/SiteImages/Inventory/c/a/4/ca418fb8-b504-4c85-b816-efd9a5856163.png?v=20160209.1158
16,15 €
23,07 € / l

Rumm CASABLANCA deCuba White 37.5% 700ml
https://www.e-maxima.ee/SiteImages/Inventory/8/b/3/8b3ddbb7-c619-4618-b879-30d2d3060f7f.png?v=20160209.1158
15,05 €
21,50 € / l

Rumm Zacapa 23Y Solera 40% 700ml
https://www.e-maxima.ee/SiteImages/Inventory/7/b/9/7b998e8e-1bae-473b-8344-03c31d3a0074.png?v=20160209.1158
63,45 €
90,64 € / l

Rum CAPTAIN Spiced 35% 700ml
https://www.e-maxima.ee/SiteImages/Inventory/1/4/1/1419f5e3-dcdb-4383-9848-47332777aaaf.png?v=20160209.1158
11,99 €
17,13 € / l

Viin RUSSIAN STANDARD VODKA 40% 500ml
https://www.e-maxima.ee/SiteImages/Inventory/4/7/7/477776a5-125b-4685-83d2-692579773ec4.png?v=20160209.1158
8,99 €
17,98 € / l

Viin MOSKOVSKAYA Russian Vodka 40% 0.5L
https://www.e-maxima.ee/SiteImages/Inventory/5/b/6/5b63dc18-47a5-438d-8510-2df14eb34f69.png?v=20160209.1158
9,99 €
19,98 € / l

Viin ABSOLUT Vodka 40% 500 ml
https://www.e-maxima.ee/SiteImages/Inventory/2/8/d/28d50cc1-a9af-45d3-a728-0345b1846020.png?v=20160209.1158
14,19 €
28,38 € / l

Viin ABSOLUT 40% 700ml
https://www.e-maxima.ee/SiteImages/Inventory/0/b/9/0b94c870-4752-4670-b996-569bbcb267d7.png?v=20160209.1158
22,15 €
31,64 € / l

Viin FINLANDIA 40% 1L
https://www.e-maxima.ee/SiteImages/Inventory/1/c/9/1c93c565-0cba-447c-b45b-d073a97ce01b.png?v=20160209.1158
30,99 €
30,99 € / l

Viin SMIRNOFF Red 37.5% 500ml
https://www.e-maxima.ee/SiteImages/Inventory/a/c/c/acc7b054-b0bf-4a93-85a1-ca0117bb4fba.png?v=20160209.1158
14,75 €
29,50 € / l

Viin RUSSIAN STANDARD 40% 1 L
https://www.e-maxima.ee/SiteImages/Inventory/5/4/f/54f2b639-9493-40d5-86c8-e30d8ec54558.png?v=20160209.1158
17,69 €
17,69 € / l

Viin RUSSKIJ RAZMER 40% 500ml
https://www.e-maxima.ee/SiteImages/Inventory/d/2/1/d219167b-5327-4e47-a14b-ef71b47bfcde.png?v=20160209.1158
11,05 €
22,10 € / l

Viin RUSSIAN STANDARD Platinum 40% 1l
https://www.e-maxima.ee/SiteImages/Inventory/4/1/e/41e59f07-a26a-49c9-8555-41b56d132e7d.png?v=20160209.1158
39,99 €
39,99 € / l

Muu piir.jook PIPRA KIBE NAPS 35% 500ml
https://www.e-maxima.ee/SiteImages/Inventory/b/1/3/b13eb2b5-8d13-495a-b70c-a1d9fa364f03.png?v=20160209.1158
8,55 €
17,10 € / l

Viin LAUA* 40% 500ml
https://www.e-maxima.ee/SiteImages/Inventory/7/8/c/78ceb503-e592-4a65-b3f0-74c7d3d8a755.png?v=20160209.1158
5,59 €
11,18 € / l

Viin VIRU VALGE 40% 500ml
https://www.e-maxima.ee/SiteImages/Inventory/b/8/6/b864d952-4159-4a24-976a-212a187f2888.png?v=20160209.1158
8,49 €
16,98 € / l

Viin VIRU VALGE 40% 1L
https://www.e-maxima.ee/SiteImages/Inventory/6/8/4/6848705c-e57e-4671-b300-e33d392eda21.png?v=20160209.1158
17,40 €
17,40 € / l

Viin LAUA  40% 1L
https://www.e-maxima.ee/SiteImages/Inventory/9/e/3/9e3268bb-342a-40a9-a58b-fd19c1a643a5.png?v=20160209.1158
16,39 €
16,39 € / l

Viin LAUA  40% 700ml
https://www.e-maxima.ee/SiteImages/Inventory/f/a/f/faf1f073-2d10-4c33-82d3-55dee3db402e.png?v=20160209.1158
11,75 €
16,79 € / l

Maits.viin VIRU VALGE GREENAPPLE38%500ml
https://www.e-maxima.ee/SiteImages/Inventory/0/7/b/07bd5949-d91d-41b7-ab69-07b547a7cbf9.png?v=20160209.1158
9,19 €
18,38 € / l

Viin VIRU VALGE VÄGEV 80% 0,5 L
https://www.e-maxima.ee/SiteImages/Inventory/9/f/0/9f0266fb-5549-478b-9b70-4f854ae0f14c.png?v=20160209.1158
16,85 €
33,70 € / l

Viin MERNAYA Na Moloke 40% 0.5L
https://www.e-maxima.ee/SiteImages/Inventory/2/e/5/2e5b5e37-521a-4426-9166-9b3cb9ba4525.png?v=20160209.1158
10,59 €
21,18 € / l

Viin MERNAYA Na Moloke 40% 0.7L
https://www.e-maxima.ee/SiteImages/Inventory/1/1/f/11f8a296-e871-4b7e-ada4-193de2358162.png?v=20160209.1158
12,85 €
18,36 € / l

Viin STOLICHNAYA Elit 40% 700ml
https://www.e-maxima.ee/SiteImages/Inventory/9/6/2/962f55c3-ff51-481a-9520-1f9bd751a435.png?v=20160209.1158
40,35 €
57,64 € / l

Viin TSARSKAJA Zolotaja 40% 500ml
https://www.e-maxima.ee/SiteImages/Inventory/3/b/7/3b7bf277-02a4-450d-a47f-ef17c5bcc15a.png?v=20160209.1158
16,65 €
33,30 € / l

Viin MERNAYA Tradition 40% 500ml
https://www.e-maxima.ee/SiteImages/Inventory/e/6/a/e6a22bac-af95-4c1d-8c84-d1586440c4cc.png?v=20160209.1158
10,59 €
21,18 € / l

Viin STUMBRAS Centenary 40% 500ml
https://www.e-maxima.ee/SiteImages/Inventory/4/5/6/45695a5c-ab87-40af-a6e6-fb7ffd9238fa.png?v=20160209.1158
7,59 €
15,18 € / l

Viin VIRU VALGE 40% 700ml
https://www.e-maxima.ee/SiteImages/Inventory/7/2/c/72c7f50b-2762-42c7-ad72-aaf988f19d0f.png?v=20160209.1158
14,69 €
20,99 € / l

Maits.viin VIRU VALGE WATERMELON38%500ml
https://www.e-maxima.ee/SiteImages/Inventory/2/3/9/239693fc-3027-404a-9f3e-15b381bd2bff.png?v=20160209.1158
9,19 €
18,38 € / l

Viin TSARSKAJA Zolotaja 40% 1L
https://www.e-maxima.ee/SiteImages/Inventory/9/a/5/9a5a5690-e662-4998-82c5-5ceb5360e143.png?v=20160209.1158
19,99 €
19,99 € / l

Viin ZHURAVLI Osobaya 40% 500ml
https://www.e-maxima.ee/SiteImages/Inventory/a/1/e/a1e338b5-72c3-4b48-8130-675bf79e4240.png?v=20160209.1158
12,79 €
25,58 € / l

Viin HLEBNIY DAR Klassik 40% 500ml
https://www.e-maxima.ee/SiteImages/Inventory/9/2/c/92ccc490-e0e8-485f-992c-aa21291eb966.png?v=20160209.1158
9,15 €
18,30 € / l

Viin HLEBNIY DAR Pshenichnaja 40% 500ml
https://www.e-maxima.ee/SiteImages/Inventory/3/8/b/38bd51eb-80d8-4d04-9f14-e9828777f4a1.png?v=20160209.1158
9,35 €
18,70 € / l

Viin HLEBNIY DAR Ozimaja 40% 500ml
https://www.e-maxima.ee/SiteImages/Inventory/a/2/3/a230d3f5-05da-4c3e-9664-9329d5b6432e.png?v=20160209.1158
9,35 €
18,70 € / l

Maits.viin VIRU VALGE Cherry38%500ml
https://www.e-maxima.ee/SiteImages/Inventory/0/5/e/05e482a7-eb22-4a02-aa67-ef1de9cb2350.png?v=20160209.1158
9,15 €
18,30 € / l

Viin GREY GOOSE Vodka 40% 700ml
https://www.e-maxima.ee/SiteImages/Inventory/3/2/d/32dedb93-5f88-4260-a80e-69b07f6c3cd2.png?v=20160209.1158
40,19 €
57,41 € / l

Viin VIRU VALGE 40% 500mlx10tk,kohver
https://www.e-maxima.ee/SiteImages/Inventory/5/a/3/5a3eb39e-07d7-40e2-8ebb-375ae600d5c1.png?v=20160209.1158
99,35 €
19,87 € / l

Muu piir.jook BULBASH Med.pipra 40%500ml
https://www.e-maxima.ee/SiteImages/Inventory/f/e/0/fe0965df-2315-4952-b435-fa7902b14614.png?v=20160209.1158
9,09 €
18,18 € / l

Viin STÖN 40% 500ml
https://www.e-maxima.ee/SiteImages/Inventory/d/f/6/df6241d6-769c-45dd-afdc-32d6ded1a6b5.png?v=20160209.1158
9,49 €
18,98 € / l

Viin BELUGA Noble 40% 700ml
https://www.e-maxima.ee/SiteImages/Inventory/e/0/1/e01a0df2-7c28-4ab4-928a-f1f5ee18e976.png?v=20160209.1158
43,99 €
62,84 € / l

Maits.viin NIPERNAADI Jõhvika37.5%500ml
https://www.e-maxima.ee/SiteImages/Inventory/e/2/2/e220b1ba-4f44-4547-a92b-cf8be7ad6f8f.png?v=20160209.1158
10,45 €
20,90 € / l

Viin MEDOFF Classic 40% 500ml
https://www.e-maxima.ee/SiteImages/Inventory/4/a/6/4a662728-b5fc-4c40-afbf-55c66a470a0b.png?v=20160209.1158
9,99 €
19,98 € / l

Viin MEDOFF Royal 40% 500ml
https://www.e-maxima.ee/SiteImages/Inventory/9/7/1/9715b67f-cfb2-4565-aee2-7a2066543ca1.png?v=20160209.1158
9,75 €
19,50 € / l

Maits.viin VIRU VALGE Barbaris38%500ml
https://www.e-maxima.ee/SiteImages/Inventory/e/d/a/eda7e819-7588-484e-90ec-2d1c63772750.png?v=20160209.1158
9,15 €
18,30 € / l

Viin BELUGA Noble 40% 500ml
https://www.e-maxima.ee/SiteImages/Inventory/f/0/1/f01808ae-1f66-4584-acba-ac0839bd59c2.png?v=20160209.1158
25,29 €
50,58 € / l

Viin KALASHNIKOV 40% 500ml
https://www.e-maxima.ee/SiteImages/Inventory/e/e/4/ee49d0ef-b397-4722-81c9-fbaf520c61b6.png?v=20160209.1158
13,15 €
26,30 € / l

Viin BELORUSSKOE POLESJE 40%500ml
https://www.e-maxima.ee/SiteImages/Inventory/3/2/e/32ef0fbe-a8b2-4b78-adca-f65e112d07d2.png?v=20160209.1158
6,79 €
13,58 € / l

Viin MERNAYA Tradition 40% 700ml
https://www.e-maxima.ee/SiteImages/Inventory/1/6/0/160461ce-b554-4932-a31f-72863c561e29.png?v=20160209.1158
13,49 €
19,27 € / l

Viin BULBASH 40% 500ml
https://www.e-maxima.ee/SiteImages/Inventory/1/4/d/14dbd727-16e1-4988-9fe3-ac43abc24d02.png?v=20160209.1158
9,19 €
18,38 € / l

Viin JAMSKAJA Mjagkaja 40% 500ml
https://www.e-maxima.ee/SiteImages/Inventory/e/b/d/ebda43b7-4b62-478c-92fa-5f0ad94d02df.png?v=20160209.1158
10,39 €
20,78 € / l

Viin BELENKAJA 40% 500ml
https://www.e-maxima.ee/SiteImages/Inventory/8/a/1/8a1a121b-bd6a-4037-a134-c2ec9a12937d.png?v=20160209.1158
12,05 €
24,10 € / l

Viin STARQJ KNJAZ 40% 500ml
https://www.e-maxima.ee/SiteImages/Inventory/6/a/4/6a4a7164-e3cb-4466-a19d-1aec8a198ff9.png?v=20160209.1158
7,09 €
14,18 € / l

Viin STOLICHNAYA Premium 40% 500ml
https://www.e-maxima.ee/SiteImages/Inventory/3/0/0/300b0af7-d427-4168-96cd-a312c4ac2a8f.png?v=20160209.1158
9,89 €
19,78 € / l

Jõhvikaviin CRYSTAL 37,5% 500ml
https://www.e-maxima.ee/SiteImages/Inventory/7/2/1/721956fc-6209-4ccd-9506-b43728a902e3.png?v=20160209.1158
7,99 €
15,98 € / l

Muu piiritusjook METAXA 5* 38% 1L
https://www.e-maxima.ee/SiteImages/Inventory/7/8/b/78bf1341-40d0-4b0f-9a9f-77c36aafbd06.png?v=20160209.1158
31,75 €
31,75 € / l

Brandy TORRES 10 Gran Reserve 38% 700ml
https://www.e-maxima.ee/SiteImages/Inventory/c/a/e/cae65ed3-65ea-4e15-b106-227ecad32181.png?v=20160209.1158
19,59 €
27,99 € / l

Muu piir.jook ARAMIS RESERVE 36% 500ml
https://www.e-maxima.ee/SiteImages/Inventory/d/1/5/d15201e8-9616-415b-977e-9251e6105b71.png?v=20160209.1158
9,79 €
19,58 € / l

Brandy JAIME TORRES I  38% 700ml
https://www.e-maxima.ee/SiteImages/Inventory/5/b/9/5b9c6b36-58df-44f2-9313-2a679f18b562.png?v=20160209.1158
83,55 €
119,36 € / l

Brandy TORRES 20 Years Brandy 40%700ml
https://www.e-maxima.ee/SiteImages/Inventory/4/b/7/4b7081bd-1f82-47bd-8ac2-7be6998c9e26.png?v=20160209.1158
45,19 €
64,56 € / l

Muu piir.jook METAXA 5* 38% 500ml
https://www.e-maxima.ee/SiteImages/Inventory/6/b/4/6b4c41c0-5322-4918-a9f1-6798df1aa22a.png?v=20160209.1158
14,39 €
28,78 € / l

Muu piiritusjook ARAMIS V.S. 30% 500ml
https://www.e-maxima.ee/SiteImages/Inventory/2/8/5/28510bd8-dc67-4c45-b6e1-c93e8e77868c.png?v=20160209.1158
8,25 €
16,50 € / l

Brandy BELÕI AIST 3* 40% 500ml
https://www.e-maxima.ee/SiteImages/Inventory/e/d/9/ed9f06b9-77b4-47a8-b5e9-26c3227ac580.png?v=20160209.1158
11,15 €
22,30 € / l

Brandy ARARAT Otbornõi 40% 700ml,karp
https://www.e-maxima.ee/SiteImages/Inventory/f/7/3/f7361a35-e525-4df4-a414-2842432ec29f.png?v=20160209.1158
34,59 €
49,41 € / l

Calvados PERE MAGLOIRE VSOP40%700ml karp
https://www.e-maxima.ee/SiteImages/Inventory/1/3/c/13c2248a-61a4-4c25-905f-fcd6f90214d1.png?v=20160209.1158
36,49 €
52,13 € / l

Muu piir.jook STAR DOLLAR 5*RichHar.0.5l
https://www.e-maxima.ee/SiteImages/Inventory/a/6/b/a6baa9c4-ac86-40ab-b406-935d7f6be3c6.png?v=20160209.1158
8,19 €
16,38 € / l

Brandy TORRES 10Years Brandy 38% 1l
https://www.e-maxima.ee/SiteImages/Inventory/a/1/b/a1be2b41-fd57-4516-a912-0072bd7de3b0.png?v=20160209.1158
33,69 €
33,69 € / l

Brandy ST.REMY AUTHENTIC VSOP36%0.5l,pet
https://www.e-maxima.ee/SiteImages/Inventory/d/1/8/d18b011d-d670-46dc-b25f-aa5ffc83c92c.png?v=20160209.1158
12,99 €
25,98 € / l

Calvados COQUEREL FINE 40% 700ml
https://www.e-maxima.ee/SiteImages/Inventory/4/a/c/4acce051-8f29-4f5b-8f0b-c009f2034632.png?v=20160209.1158
26,39 €
37,70 € / l

V.p.valm.p.j.Grappa CESARI Bosan45%500ml
https://www.e-maxima.ee/SiteImages/Inventory/8/8/9/8890d477-bbc8-4b59-8783-cf76a50fa119.png?v=20160209.1158
37,39 €
74,78 € / l

Brandy AMAZONIA 36% 500ml
https://www.e-maxima.ee/SiteImages/Inventory/6/3/3/633bf668-7823-4374-9100-b0c4eee3d07d.png?v=20160209.1158
7,89 €
15,78 € / l

Brandy RENAISSANCE XO 38% 500ml
https://www.e-maxima.ee/SiteImages/Inventory/2/5/e/25e59c3f-575d-4d46-9255-07aeded0ab33.png?v=20160209.1158
7,59 €
15,18 € / l

Brandy IMPERATOR XO 38% 700ml
https://www.e-maxima.ee/SiteImages/Inventory/9/c/4/9c48728f-4a92-4d21-a4a6-ef61f0e5fab9.png?v=20160209.1158
20,39 €
29,13 € / l

Brandy ALITA X.O.Extra Old 38% 700 ml
https://www.e-maxima.ee/SiteImages/Inventory/8/3/9/8397df37-cb82-443e-8442-2c844cf27c1e.png?v=20160209.1158
19,69 €
28,13 € / l

Muu piir.jook ZOLOTOI AIST 30% 500ml
https://www.e-maxima.ee/SiteImages/Inventory/5/3/c/53cf7d2e-cd60-4e7e-bccc-00dbb3f98ae7.png?v=20160209.1158
7,55 €
15,10 € / l

Brandy IMPERIAL XII 36% 500ml
https://www.e-maxima.ee/SiteImages/Inventory/8/3/6/83605bff-f9e9-4140-8ea2-d850c033222a.png?v=20160209.1158
11,39 €
22,78 € / l

Calvados COQUEREL VSOP 40% 700ml
https://www.e-maxima.ee/SiteImages/Inventory/1/b/f/1bfce0ef-66b3-4166-95cf-9592f3db51fd.png?v=20160209.1158
32,09 €
45,84 € / l

Calvados COQUEREL XO 40% 700ml
https://www.e-maxima.ee/SiteImages/Inventory/6/a/a/6aa094a4-8c56-45c7-89ad-65db0c35dc8a.png?v=20160209.1158
36,25 €
51,79 € / l

Brandy ARARAT 3 A. 40% 500ml
https://www.e-maxima.ee/SiteImages/Inventory/7/5/e/75ee0a2f-8c74-4324-b979-96941049235b.png?v=20160209.1158
16,15 €
32,30 € / l

Brandy ARARAT 5YO 40% 500ml
https://www.e-maxima.ee/SiteImages/Inventory/a/3/9/a398cfc1-7fb6-4bd9-87fd-aacfd5fb5822.png?v=20160209.1158
18,69 €
37,38 € / l

Brandy ARARAT Nairi 20Y 40% 700ml karbis
https://www.e-maxima.ee/SiteImages/Inventory/f/f/1/ff17f4d6-408b-4dee-ba13-ece03eb5d779.png?v=20160209.1158
63,29 €
90,41 € / l

Brandy ARARAT Akhtam.10YO 40% 700ml,karp
https://www.e-maxima.ee/SiteImages/Inventory/d/6/a/d6a8e5c6-5264-4815-8dfc-b0ea998963dd.png?v=20160209.1158
37,29 €
53,27 € / l

Muu piir.jook GARLING Cherry 30% 500ml
https://www.e-maxima.ee/SiteImages/Inventory/e/a/f/eaf5a55d-2507-4a0b-a0d9-ae2e80299ad1.png?v=20160209.1158
9,29 €
18,58 € / l

Muu piir.jook METAXA 12* 40% 700ml
https://www.e-maxima.ee/SiteImages/Inventory/0/6/9/069d0ca5-34ce-47f6-b4ea-f4b267f3415f.png?v=20160209.1158
39,99 €
57,13 € / l

Brandy SARAJISHVILI V.S.O.P.40%500ml
https://www.e-maxima.ee/SiteImages/Inventory/f/9/5/f9506a76-f431-4642-9aa7-94ca624850ca.png?v=20160209.1158
31,59 €
63,18 € / l

Muu piir.jook IMPERIAL XII VS 30%500ml
https://www.e-maxima.ee/SiteImages/Inventory/b/b/e/bbe43bbd-df49-47a0-91a6-5cc4c19b4355.png?v=20160209.1158
9,59 €
19,18 € / l

Brandy TORRES 15 40% 700ml
https://www.e-maxima.ee/SiteImages/Inventory/e/e/1/ee11c256-2684-41f6-b390-83d4fbc04c9d.png?v=20160209.1158
33,75 €
48,21 € / l

Brandy RAYNAL V.S.O.P.38% 700ml
https://www.e-maxima.ee/SiteImages/Inventory/6/9/6/696fa34f-df5f-4855-9295-d1041be9f171.png?v=20160209.1158
14,69 €
20,99 € / l

Brandy GARLING Divin 5* 40% 500 ml
https://www.e-maxima.ee/SiteImages/Inventory/7/5/7/757cfa50-11a5-4b0b-ab2d-973d91c033fd.png?v=20160209.1158
14,69 €
29,38 € / l

Liköör LAPPONIA, muraka 21% 500ml
https://www.e-maxima.ee/SiteImages/Inventory/2/c/1/2c1c314b-3808-4cb8-bb32-323d218429a4.png?v=20160209.1158
12,45 €
24,90 € / l

Liköör LAPPONIA, mustika 21% 500ml
https://www.e-maxima.ee/SiteImages/Inventory/9/e/c/9ec3bb9a-1c0b-4601-8155-82e6c9ff3c5c.png?v=20160209.1158
10,25 €
20,50 € / l

Liköör VANA TALLINN 40% 500ml
https://www.e-maxima.ee/SiteImages/Inventory/0/e/a/0ea8505c-dac5-4969-bbad-2c8d8e640923.png?v=20160209.1158
9,89 €
19,78 € / l

Liköör VANA TALLINN 16% 500ml
https://www.e-maxima.ee/SiteImages/Inventory/3/f/9/3f9bd1e0-b69d-455b-a66d-06d1b4aeebf2.png?v=20160209.1158
8,35 €
16,70 € / l

M.alkohoolne jook PINA COLADA 14% 700ml
https://www.e-maxima.ee/SiteImages/Inventory/7/3/7/7371f467-06df-4533-85a2-adc69dd3bd6a.png?v=20160209.1158
16,69 €
23,84 € / l

Liköör BAILEYS Irish Cream 17% 700ml
https://www.e-maxima.ee/SiteImages/Inventory/a/4/a/a4ae7fd6-fca4-4e75-92a4-7fb45ca57012.png?v=20160209.1158
21,75 €
31,07 € / l

Liköör MALIBU 21% 500ml
https://www.e-maxima.ee/SiteImages/Inventory/d/8/7/d87fad7b-5402-4025-ac71-98b167e51bd9.png?v=20160209.1158
14,69 €
29,38 € / l

Liköör JÄGERMEISTER 35% 500ml
https://www.e-maxima.ee/SiteImages/Inventory/d/c/7/dc7e9a33-6d0f-4873-8c1c-f4c705f69cf8.png?v=20160209.1158
14,39 €
28,78 € / l

Liköör BAILEYS IRISH CREAM 17% 500ml
https://www.e-maxima.ee/SiteImages/Inventory/b/3/7/b3712ba1-0714-40e6-84b8-cc60d3da4461.png?v=20160209.1158
10,99 €
21,98 € / l

Liköör BECHEROVKA 38% 500ml
https://www.e-maxima.ee/SiteImages/Inventory/1/3/c/13c2d289-b643-476c-b69b-cc50b14deb6f.png?v=20160209.1158
13,75 €
27,50 € / l

Liköör KÄNNU KUKK 45% 500ml
https://www.e-maxima.ee/SiteImages/Inventory/6/3/f/63f56cf9-e62b-4ebc-9f1d-010a27cf666f.png?v=20160209.1158
16,79 €
33,58 € / l

Liköör VANA TALLINN 45% 500ml
https://www.e-maxima.ee/SiteImages/Inventory/0/d/8/0d859a84-dfa0-462c-b6af-33096a0cc0a3.png?v=20160209.1158
13,53 €
27,06 € / l

Liköör GABRIEL 45% 500ml
https://www.e-maxima.ee/SiteImages/Inventory/8/d/d/8ddf7fc0-e5f7-4462-aaf1-b3a7024a6ed7.png?v=20160209.1158
10,65 €
21,30 € / l

Liköör AMARETTO Valentino 21% 700ml
https://www.e-maxima.ee/SiteImages/Inventory/d/a/9/da973c44-3103-4d36-b4b8-efa9a14713bb.png?v=20160209.1158
7,79 €
11,13 € / l

Liköör COINTREAU 40% 500ml
https://www.e-maxima.ee/SiteImages/Inventory/a/1/e/a1e270d4-a691-408c-96cc-f716fb8eb12d.png?v=20160209.1158
23,45 €
46,90 € / l

Liköör PINA COLADA FLORIDAJUS 16% 700ml
https://www.e-maxima.ee/SiteImages/Inventory/d/3/e/d3e9afc7-664a-4cb2-8790-94c63ca3feee.png?v=20160209.1158
11,99 €
17,13 € / l

Liköör KAHLUA 20% 500ml
https://www.e-maxima.ee/SiteImages/Inventory/1/a/1/1a12eda0-3689-41ad-9480-f3a25ed1b0b1.png?v=20160209.1158
20,09 €
40,18 € / l

Liköör LAPPONIA,pohla 21% 500ml
https://www.e-maxima.ee/SiteImages/Inventory/2/a/8/2a8779b5-abd6-43f7-ac64-eabff1db0f97.png?v=20160209.1158
10,09 €
20,18 € / l

Liköör MINTY 50% 500ml
https://www.e-maxima.ee/SiteImages/Inventory/f/a/a/faa7a8e0-62fc-488c-b600-808745ee1030.png?v=20160209.1158
11,29 €
22,58 € / l

Liköör ÜRDIMEISTER 35% 0.5L
https://www.e-maxima.ee/SiteImages/Inventory/7/6/f/76faa87d-ab8a-4835-b2c9-71c011bebb91.png?v=20160209.1158
11,45 €
22,90 € / l

Liköör KIIU TORN muna 15% 500ml
https://www.e-maxima.ee/SiteImages/Inventory/7/6/7/767ffafc-fb29-422d-99a6-5c3f83d9fc67.png?v=20160209.1158
5,59 €
11,18 € / l

Liköör BANANA BANDA 18% 700ml
https://www.e-maxima.ee/SiteImages/Inventory/4/4/9/4497236b-72fa-4903-ada9-cb8b11ab634c.png?v=20160209.1158
10,85 €
15,50 € / l

Liköör KIIU TORN koore 16% 500ml
https://www.e-maxima.ee/SiteImages/Inventory/2/c/4/2c4863ec-4ce6-4beb-968f-7b125acf1e69.png?v=20160209.1158
7,29 €
14,58 € / l

Liköör Dooley`s original toffee 17%700ml
https://www.e-maxima.ee/SiteImages/Inventory/1/2/8/1285d14f-2add-47b7-b713-85eee63d6178.png?v=20160209.1158
17,95 €
25,64 € / l

Liköör KAHLUA 20% 1L
https://www.e-maxima.ee/SiteImages/Inventory/5/0/3/503cb04b-9c98-443c-8b52-477f62e76c98.png?v=20160209.1158
31,19 €
31,19 € / l

Liköör VANA TALLINN 40% 500ml
https://www.e-maxima.ee/SiteImages/Inventory/3/b/5/3b515d87-7585-4c50-9fe9-16b515892545.png?v=20160209.1158
13,69 €
27,38 € / l

Liköör DOOLEY`S Original Toffee 17%350ml
https://www.e-maxima.ee/SiteImages/Inventory/0/8/e/08edfef4-6bc7-4bb3-8bc0-9250cb6c5f5a.png?v=20160209.1158
10,09 €
28,83 € / l

Liköör VANA TALLINN COFFEE Cream16%500ml
https://www.e-maxima.ee/SiteImages/Inventory/c/3/c/c3cb3c3b-7b97-4779-8df5-b6b788d7f1af.png?v=20160209.1158
8,29 €
16,58 € / l

Liköör VANA TALLINN 40% 4x500ml
https://www.e-maxima.ee/SiteImages/Inventory/4/6/2/462daaa0-97e3-499f-b616-a0fc2a53352a.png?v=20160209.1158
49,99 €
25,00 € / l

Liköör HERBERT 35% 500ml
https://www.e-maxima.ee/SiteImages/Inventory/3/6/7/36717eea-f96a-4d07-ab98-a8c5e0b5fce8.png?v=20160209.1158
9,79 €
19,58 € / l

Liköör KIIU TORN muna 15% 200ml
https://www.e-maxima.ee/SiteImages/Inventory/8/c/e/8ce68c3f-bf55-48a9-836f-c2a540cf3ec5.png?v=20160209.1158
3,09 €
15,45 € / l

Liköör JÄGERMEISTER 35% 1.75L
https://www.e-maxima.ee/SiteImages/Inventory/2/8/a/28a0a311-e96a-4d3f-b1bd-7640de6e1600.png?v=20160209.1158
43,85 €
25,06 € / l

Liköör PATRON XO Cafe 35% 700ml
https://www.e-maxima.ee/SiteImages/Inventory/e/b/b/ebbeb6c6-ef77-41be-b103-449fcd8224fd.png?v=20160209.1158
32,25 €
46,07 € / l

Liköör VANA TALLINN Heritage 40% 500ml
https://www.e-maxima.ee/SiteImages/Inventory/c/1/8/c184075d-2eaa-4d1a-96f8-14044c09f7fc.png?v=20160209.1158
14,99 €
29,98 € / l

Liköör METSAMAASIKA 18% 500ml, pet
https://www.e-maxima.ee/SiteImages/Inventory/6/2/e/62ef8683-5e4d-4154-9163-01ad41ab097e.png?v=20160209.1158
4,15 €
8,30 € / l

Liköör JÕHVIKA 18% 500ml, pet
https://www.e-maxima.ee/SiteImages/Inventory/3/4/9/349bbf92-8a6e-4d1e-8790-a2f80c4683bb.png?v=20160209.1158
4,15 €
8,30 € / l

Kirsiliköör 18% 500ml PET
https://www.e-maxima.ee/SiteImages/Inventory/8/8/c/88c1e0de-4591-4d83-b76b-068f75f82e8b.png?v=20160209.1158
4,15 €
8,30 € / l

Kohviliköör 18% 500ml PET
https://www.e-maxima.ee/SiteImages/Inventory/5/0/1/5019b174-66b0-47f9-88b0-ccf34b456a2a.png?v=20160209.1158
4,15 €
8,30 € / l

Liköör Sokolaadi 18% 500ml
https://www.e-maxima.ee/SiteImages/Inventory/5/1/2/5123bdc8-0b9f-4886-9e0a-ba3a76f57c02.png?v=20160209.1158
5,65 €
11,30 € / l

Liköör Mandli 18% 500ml
https://www.e-maxima.ee/SiteImages/Inventory/7/7/7/7770ba54-997f-4891-833c-83dc22016491.png?v=20160209.1158
4,15 €
8,30 € / l

Liköör Muraka 18% 500ml
https://www.e-maxima.ee/SiteImages/Inventory/c/4/d/c4df4c63-0796-4f05-aae9-5dfd7e7c57b4.png?v=20160209.1158
4,15 €
8,30 € / l

Liköör VANA TALLINN Wint. Spice 35%500ml
https://www.e-maxima.ee/SiteImages/Inventory/3/0/1/3014c886-4b5f-4425-a355-0f2462a3d0a0.png?v=20160209.1158
12,99 €
25,98 € / l

Liköör KONINKLIJKE koore 17% 700ml
https://www.e-maxima.ee/SiteImages/Inventory/3/8/6/386ba944-37f2-45f0-8839-d7461213c533.png?v=20160209.1158
9,19 €
13,13 € / l

LiköörVANA TALLINN SIGNATURE40%0,5l
https://www.e-maxima.ee/SiteImages/Inventory/8/7/b/87be6b15-0138-4753-9596-21718a5e34cf.png?v=20160209.1158
38,29 €
76,58 € / l

Liköör VANA TALLINN Summer Lime 35%500ml
https://www.e-maxima.ee/SiteImages/Inventory/a/2/2/a222a44f-11bc-4d1f-a3d1-82c529e4a7b1.png?v=20160209.1158
11,35 €
22,70 € / l

Liköör VANA TALLINN 45% 500ml
https://www.e-maxima.ee/SiteImages/Inventory/5/3/d/53dbef1e-ed69-426c-96af-e62cc229a66a.png?v=20160209.1158
33,99 €
67,98 € / l

Liköör MINTTU choco mint 35% 500ml
https://www.e-maxima.ee/SiteImages/Inventory/9/a/1/9a154eae-3aaf-469a-a0bd-c522e66bfc91.png?v=20160209.1158
12,29 €
24,58 € / l

Liköör Romanza Amaretto 20% 700ml
https://www.e-maxima.ee/SiteImages/Inventory/5/5/e/55e6a2b2-24fa-4613-b960-15ee82ec9460.png?v=20160209.1158
11,45 €
16,36 € / l

Liköör MINTTU peppermint 40% 500ml
https://www.e-maxima.ee/SiteImages/Inventory/8/0/d/80de9618-d539-4546-8544-b53d3dd98e43.png?v=20160209.1158
12,79 €
25,58 € / l

Liköör MINTTU Chili Mint 35% 500ml
https://www.e-maxima.ee/SiteImages/Inventory/b/1/4/b1404406-fe58-4929-8c7b-a0bc6890879a.png?v=20160209.1158
10,99 €
21,98 € / l

Gin BEEFEATER 40% 700ml
https://www.e-maxima.ee/SiteImages/Inventory/1/2/6/126bfdf3-d3ab-4f11-83e6-706ac07e9dfd.png?v=20160209.1158
19,05 €
27,21 € / l

Gin DRY REVAL 40% 0,7L
https://www.e-maxima.ee/SiteImages/Inventory/8/4/9/849b2cdb-c0e1-49c3-bfd1-bd903d5907e1.png?v=20160209.1158
12,29 €
17,56 € / l

Gin HENDRICK`S Gin 41.4% 700ml
https://www.e-maxima.ee/SiteImages/Inventory/5/2/5/525fd6aa-55a3-4ebf-b26a-26c1c026aecb.png?v=20160209.1158
33,99 €
48,56 € / l

Gin SAARE 37.5% 0.5L
https://www.e-maxima.ee/SiteImages/Inventory/4/3/a/43a6a475-7291-42a1-ab22-6f6a13b9294d.png?v=20160209.1158
9,29 €
18,58 € / l

Gin HOGARTH Dry Gin37.5% 700ml
https://www.e-maxima.ee/SiteImages/Inventory/a/c/e/ace26d60-2028-48d0-8d8e-dc0c33d3f36b.png?v=20160209.1158
14,95 €
21,36 € / l

Gin TANQUERAY 43,1% 700ml
https://www.e-maxima.ee/SiteImages/Inventory/5/4/9/549b22b5-9350-4ea1-86e9-2d15b5b18e99.png?v=20160209.1158
19,99 €
28,56 € / l

Gin REVAL London Dry Pr.Edit.47% 700ml
https://www.e-maxima.ee/SiteImages/Inventory/5/1/b/51ba2085-00b6-4d4c-890c-02f20cd9d368.png?v=20160209.1158
18,59 €
26,56 € / l

Gin  Canadian UNGAVA 43,1% ,700ml
https://www.e-maxima.ee/SiteImages/Inventory/6/c/7/6c79e801-653c-4d5a-880a-89f14faac356.png?v=20160209.1158
36,39 €
51,99 € / l

Gin CRAFTERS 38% 500ml
https://www.e-maxima.ee/SiteImages/Inventory/d/9/c/d9cded75-e002-4f55-9795-b5626ee73ec0.png?v=20160209.1158
10,09 €
20,18 € / l

Gin Dry LONDAN No.3 GB 46% 700ml
https://www.e-maxima.ee/SiteImages/Inventory/d/9/7/d97f8426-e103-4c4c-ae52-5c969420a4d5.png?v=20160209.1158
43,99 €
62,84 € / l

Cognac HENNESSY VS 40% 700ml
https://www.e-maxima.ee/SiteImages/Inventory/3/5/7/3579e60b-2dfd-47f2-ab79-a920538c43e8.png?v=20160209.1158
29,99 €
42,84 € / l

Cognac MARTELL VS 40% 700ml, karp
https://www.e-maxima.ee/SiteImages/Inventory/1/5/9/1598edb7-3721-41d5-9e0f-879b85a996e8.png?v=20160209.1158
36,89 €
52,70 € / l

Cognac MARTELL VSOP 40% 500ml
https://www.e-maxima.ee/SiteImages/Inventory/d/0/2/d0220c95-94f8-4032-82cf-47522345512a.png?v=20160209.1158
44,89 €
89,78 € / l

Cognac MARTELL VSOP 40% 700ml
https://www.e-maxima.ee/SiteImages/Inventory/4/f/6/4f66aa8e-3240-47e2-b2e2-021e507e04ee.png?v=20160209.1158
65,69 €
93,84 € / l

Cognac REMY MARTIN XO EXCELLENCE40%350ml
https://www.e-maxima.ee/SiteImages/Inventory/d/a/f/daffebaa-4735-4fd6-a288-58a29591d455.png?v=20160209.1158
93,29 €
266,54 € / l

Cognac HENNESSY VSOP 40% 700ml
https://www.e-maxima.ee/SiteImages/Inventory/5/5/b/55b3ca7a-244c-440c-b8ba-10a8cbec11d9.png?v=20160209.1158
54,66 €
78,09 € / l

Cognac HENNESSY XO 40% 700ml
https://www.e-maxima.ee/SiteImages/Inventory/5/5/c/55ca5055-6218-4694-a0e8-d591b51c4571.png?v=20160209.1158
172,00 €
245,71 € / l

Konjak BISQUIT Classique VS 40% 700ml
https://www.e-maxima.ee/SiteImages/Inventory/d/7/d/d7df4f90-cf73-457c-b0f9-b1acc48c5dbd.png?v=20160209.1158
25,99 €
37,13 € / l

Cognac Chat.de Mont.V.S.40% 700ml, Tube
https://www.e-maxima.ee/SiteImages/Inventory/7/a/3/7a3c0c7e-010d-4f40-bc48-ab5f37cf11b3.png?v=20160209.1158
35,99 €
51,41 € / l

Cognac COURVOISIER VSOP 40% 700ml
https://www.e-maxima.ee/SiteImages/Inventory/e/5/b/e5b52e32-8946-42e5-b486-1b51c4784a89.png?v=20160209.1158
34,59 €
49,41 € / l

Cognac A.E. DOR VSOP Rare Fine 40% 700ml
https://www.e-maxima.ee/SiteImages/Inventory/7/1/c/71cc0486-6e8d-42cc-9be9-85d53aef65be.png?v=20160209.1158
45,65 €
65,21 € / l

Cognac COURVOISIER VS 40% 700ml
https://www.e-maxima.ee/SiteImages/Inventory/1/0/5/1051f045-542a-4e4e-9810-fcd9b76a7cb2.png?v=20160209.1158
24,99 €
35,70 € / l

Konjak COURVOISIER XO 40%700ml,BOX
https://www.e-maxima.ee/SiteImages/Inventory/1/6/9/16922c1c-11c0-4deb-999b-99b7abc17294.png?v=20160209.1158
99,99 €
142,84 € / l

Cognac HENNESSY XO 40% 350ml
https://www.e-maxima.ee/SiteImages/Inventory/d/d/d/ddd3749d-15de-44dd-9cbc-ad5b5ef39040.png?v=20160209.1158
101,99 €
291,40 € / l

Cognac HENNESSY Paradis Extra 40% 700ml
https://www.e-maxima.ee/SiteImages/Inventory/4/7/3/47324cb6-fc2f-4fd0-8911-6fd269303601.png?v=20160209.1158
761,19 €
1087,41 € / l

Cognac HENNESSY VS 40% 1L
https://www.e-maxima.ee/SiteImages/Inventory/c/0/2/c023336c-79d7-4577-8244-1d283e96802b.png?v=20160209.1158
59,59 €
59,59 € / l

Cognac HENNESSY VSOP 40% 1L
https://www.e-maxima.ee/SiteImages/Inventory/b/7/6/b7613065-99a7-487e-9dcc-5fc304f309a2.png?v=20160209.1158
79,49 €
79,49 € / l

Cognac JULES GAUTRET VSOP 40% 700ml
https://www.e-maxima.ee/SiteImages/Inventory/e/0/f/e0f97209-7d3d-4b2d-a87e-7008f6019c21.png?v=20160209.1158
46,29 €
66,13 € / l

Cognac Chat.de Mon.V.S.O.P.40%700ml,Tube
https://www.e-maxima.ee/SiteImages/Inventory/d/b/1/db131ba7-4bb2-4a13-b376-1fc9a5b97168.png?v=20160209.1158
59,79 €
85,41 € / l

Cognac MARTELL VS 40% 4.5L
https://www.e-maxima.ee/SiteImages/Inventory/4/1/1/4117c9f0-a3df-4e47-a847-185cf14cd3ca.png?v=20160209.1158
212,25 €
47,17 € / l

Cognac AMELIE Lasdoux X.O. 40% 700ml
https://www.e-maxima.ee/SiteImages/Inventory/f/6/b/f6ba6eaf-fb7f-4685-8520-88d6d6dad7be.png?v=20160209.1158
29,79 €
42,56 € / l

Cognac HARDY VS 40% 500ml,PET
https://www.e-maxima.ee/SiteImages/Inventory/2/3/8/238cf682-eed7-4659-ac82-6a2cf43c78e0.png?v=20160209.1158
14,99 €
29,98 € / l

Cognac HARDY VS 40% kinkekarbis 700ml
https://www.e-maxima.ee/SiteImages/Inventory/9/e/6/9e662c45-961b-424d-a949-13b6f85c366b.png?v=20160209.1158
35,55 €
50,79 € / l

Cognac HARDY VSOP 40% kinkekarbis 700ml
https://www.e-maxima.ee/SiteImages/Inventory/5/0/b/50ba2422-734e-433b-9469-a20fb087c716.png?v=20160209.1158
43,19 €
61,70 € / l

Cognac HARDY XO Kendo 40% karbis 700ml
https://www.e-maxima.ee/SiteImages/Inventory/c/a/f/caf4b89d-c63e-446f-a1a9-48217775cbf5.png?v=20160209.1158
52,89 €
75,56 € / l

Cognac HARDY XO Rare 40% karbis 700ml
https://www.e-maxima.ee/SiteImages/Inventory/c/c/2/cc2c93c0-9d54-4113-9272-838056c33bd8.png?v=20160209.1158
81,69 €
116,70 € / l

Cognac Frapin VSOP Gran.Cham.40% 500ml
https://www.e-maxima.ee/SiteImages/Inventory/1/1/6/11667170-e9b4-4935-ac04-e5838d86897d.png?v=20160209.1158
45,59 €
91,18 € / l

Cognac HENNESSY VS 40% 350ml,karp
https://www.e-maxima.ee/SiteImages/Inventory/f/2/e/f2eba421-2dd5-4563-8337-ce84623dfcbb.png?v=20160209.1158
22,75 €
65,00 € / l

Cognac HENNESSY VS 40% 500ml,karp
https://www.e-maxima.ee/SiteImages/Inventory/9/b/9/9b95e031-e153-4d11-90de-7456e23a87b4.png?v=20160209.1158
20,99 €
41,98 € / l

Cognac HENNESSY VSOP 40% 500ml,karp
https://www.e-maxima.ee/SiteImages/Inventory/f/e/0/fe07407b-fb06-4e0e-98b8-ac5125360ad7.png?v=20160209.1158
49,29 €
98,58 € / l

Cognac COURVOISIER Vsop 40%700ml,2klaasi
https://www.e-maxima.ee/SiteImages/Inventory/0/3/5/035032c2-0144-416d-bc27-1cacb880e204.png?v=20160209.1158
36,99 €
36,99 € / tk

Mandel,kg
https://www.e-maxima.ee/SiteImages/Inventory/d/0/8/d08743ff-e47f-46cd-a254-503dec7539d3.png?v=20160209.1158
11,62 €
11,62 € / kg

Tšilli pähklid TAFFEL 150g
https://www.e-maxima.ee/SiteImages/Inventory/f/c/3/fc33b5f9-38ea-4a7f-a989-66ebae4a0233.png?v=20160209.1158
1,24 €
8,27 € / kg

Kreeka pähklid SEEBERGER 150g
https://www.e-maxima.ee/SiteImages/Inventory/5/0/0/500b777f-69a1-4872-b621-918782289644.png?v=20160209.1158
3,89 €
25,93 € / kg

Röst. soolatud maapähklid SWARTBERG 200g
https://www.e-maxima.ee/SiteImages/Inventory/1/b/d/1bd53ae3-8f8f-40a5-b74f-e91651981ccb.png?v=20160209.1158
0,74 €
3,70 € / kg

Kooritud maapähklid,kg
https://www.e-maxima.ee/SiteImages/Inventory/4/c/a/4ca157dd-43e9-49be-9f29-52ec6cf86f4d.png?v=20160209.1158
2,62 €
2,62 € / kg

Röstitud soolased pistaatsiapähklid, kg
https://www.e-maxima.ee/SiteImages/Inventory/9/4/f/94fe4707-a152-4526-b17c-f8aa59afc749.png?v=20160209.1158
14,24 €
14,24 € / kg

Tudengieine ARIMEX 300g
https://www.e-maxima.ee/SiteImages/Inventory/4/9/7/497f2188-60b2-40c2-a861-d96a1ed60fef.png?v=20160209.1158
3,07 €
10,23 € / kg

Pähklisegu Royal Mix ARIMEX 300g
https://www.e-maxima.ee/SiteImages/Inventory/8/b/0/8b046658-fbe0-41be-b452-8ffbdac7e21e.png?v=20160209.1158
3,67 €
12,23 € / kg

Seedripähklid ARIMEX 50g
https://www.e-maxima.ee/SiteImages/Inventory/2/8/9/2898a96f-6687-4d6c-a443-aa737e22df21.png?v=20160209.1158
1,99 €
39,80 € / kg

Puhastatud sarapuupähkel SAULES, 150g  
https://www.e-maxima.ee/SiteImages/Inventory/3/e/3/3e34ec7e-ac30-46d3-bb8a-618403fba274.png?v=20160209.1158
2,14 €
14,27 € / kg

Mandel SAULES, 150g  
https://www.e-maxima.ee/SiteImages/Inventory/5/b/5/5b56f7db-f1e3-4797-9998-f88b261cf3aa.png?v=20160209.1158
1,76 €
11,73 € / kg

India pähklid MAXIMA FAVORIT,200g
https://www.e-maxima.ee/SiteImages/Inventory/9/9/c/99c17806-0a50-4067-95c1-397190b5d2c4.png?v=20160209.1158
2,24 €
11,20 € / kg

Pähklite&amp;kuiv.marjade segu SEEBERGER150g
https://www.e-maxima.ee/SiteImages/Inventory/6/7/7/677192e6-f588-4487-b226-fc66f69d6458.png?v=20160209.1158
2,59 €
17,27 € / kg

India pähklid ARIMEX, kg
https://www.e-maxima.ee/SiteImages/Inventory/8/4/a/84aff186-ffab-4e64-87bf-806d1f9530c6.png?v=20160209.1158
11,17 €
11,17 € / kg

Kreeka pähklid ARIMEX, kg
https://www.e-maxima.ee/SiteImages/Inventory/1/3/9/139993b8-a330-420b-bd58-b2d686cefeac.png?v=20160209.1158
13,42 €
13,42 € / kg

Segu Fitness ALISE 400g
https://www.e-maxima.ee/SiteImages/Inventory/a/3/c/a3c6c3bb-e3a4-4c77-833c-114203917f73.png?v=20160209.1158
2,84 €
7,10 € / kg

Arah.sul.juust.maits.katt.ZET ROCK&#39;S190g
https://www.e-maxima.ee/SiteImages/Inventory/e/2/d/e2dfce5f-727e-4f25-8a1c-596e0a31705d.png?v=20160209.1158
0,82 €
4,32 € / kg

Arah.sibulamaits.kattega ZET ROCK&#39;S 190g
https://www.e-maxima.ee/SiteImages/Inventory/f/e/3/fe3d7884-cf70-4285-a54c-227dc1f61672.png?v=20160209.1158
0,82 €
4,32 € / kg

Arah.paprikamaits.katt. ZET ROCK&#39;S 190g
https://www.e-maxima.ee/SiteImages/Inventory/7/b/1/7b18ef7d-18bf-4bc4-a98d-1fba57a93731.png?v=20160209.1158
0,82 €
4,32 € / kg

Pähklite ja sukaadi segu ALISE 250g
https://www.e-maxima.ee/SiteImages/Inventory/0/a/1/0a1344c2-6a3b-41ca-8774-5117f058d4bd.png?v=20160209.1158
4,12 €
16,48 € / kg

Pähkli- ja sukaadisegu šok.ga ALISE 250g
https://www.e-maxima.ee/SiteImages/Inventory/5/7/d/57dd57d9-e716-4bd9-a3ac-50518d38d487.png?v=20160209.1158
3,74 €
14,96 € / kg

Sefiir vaniljemaitseline LAIMA 200g
https://www.e-maxima.ee/SiteImages/Inventory/8/8/2/882b7eaa-3457-4870-b4e7-5703b724d10c.png?v=20160209.1158
1,15 €
5,75 € / kg

Sefiir vaniljem.,šokolaadis LAIMA 200g
https://www.e-maxima.ee/SiteImages/Inventory/d/9/3/d9324da2-f99c-4469-b0b1-3d403f02fe41.png?v=20160209.1158
1,39 €
6,95 € / kg

Sefiir mustika maitsega LAIMA 200g
https://www.e-maxima.ee/SiteImages/Inventory/f/a/0/fa04bde4-840b-437c-8503-93fcd098e990.png?v=20160209.1158
1,05 €
5,25 € / kg

Sefiir mustikatäid. šokolaadisLAIMA 200g
https://www.e-maxima.ee/SiteImages/Inventory/e/d/b/edb81bb4-d3cc-41fc-a599-d84e43012130.png?v=20160209.1158
1,89 €
9,45 € / kg

Sefiir šokolaadis vaarikatäid.LAIMA 200g
https://www.e-maxima.ee/SiteImages/Inventory/c/5/3/c53b056d-50f3-4ba7-88c3-ce7be46cdceb.png?v=20160209.1158
1,79 €
8,95 € / kg

Sefiir vaniljemaitseline MIODELIZZI 200g
https://www.e-maxima.ee/SiteImages/Inventory/8/c/b/8cb10aa1-9cdb-44f7-85ad-898aca55aeb2.png?v=20160209.1158
0,89 €
4,45 € / kg

Sefiir vaniljem.šokolaadisMIODELIZZI200g
https://www.e-maxima.ee/SiteImages/Inventory/7/7/a/77a005ff-d824-430d-a974-ced563b17ee8.png?v=20160209.1158
0,99 €
4,95 € / kg

Sefiir keed. kondenspiim. glasuur., kg
https://www.e-maxima.ee/SiteImages/Inventory/7/d/5/7d527e6d-aac0-43f2-972c-52791cfd6524.png?v=20160209.1158
3,49 €
3,49 € / kg

Kuivatatud dattel SEEBERGER 200g
https://www.e-maxima.ee/SiteImages/Inventory/3/f/f/3ffb95d6-3dea-478f-bb2d-e565a435627e.png?v=20160209.1158
1,76 €
8,80 € / kg

Puuviljasegu SEEBERGER 200g
https://www.e-maxima.ee/SiteImages/Inventory/6/0/4/6043fc8b-fce0-4437-88b6-7de4c5f053ba.png?v=20160209.1158
2,24 €
11,20 € / kg

Kuivatatud must ploom kivita, kg
https://www.e-maxima.ee/SiteImages/Inventory/8/1/d/81dc74ed-f34f-4cf1-b7ab-9ca3d69c27d1.png?v=20160209.1158
5,24 €
5,24 € / kg

Kuivatatud jõhvikad SEEBERGER, 125g
https://www.e-maxima.ee/SiteImages/Inventory/9/4/7/9474f360-4372-4b2f-9af4-fbf928668727.png?v=20160209.1158
1,94 €
15,52 € / kg

Mustad ploomid kivideta ALISE 200g
https://www.e-maxima.ee/SiteImages/Inventory/e/3/b/e3b874fc-0d8f-4a46-b29b-61e4bf3f2009.png?v=20160209.1158
0,94 €
4,70 € / kg

Jõhvikad ALISE, 200g
https://www.e-maxima.ee/SiteImages/Inventory/f/e/0/fe0f6620-d062-4d09-9d58-3ee4f7ba52da.png?v=20160209.1158
1,39 €
6,95 € / kg

Kuivatatud ploom SEEBERGER 200g
https://www.e-maxima.ee/SiteImages/Inventory/5/d/b/5db79e5f-0fe1-4c4f-9de3-da6a9d263e76.png?v=20160209.1158
2,81 €
14,05 € / kg

Rosin Jumbo MAXIMA FAVORIT,150g
https://www.e-maxima.ee/SiteImages/Inventory/8/a/0/8a0ec2f5-09ff-462d-bcbb-303559006cf9.png?v=20160209.1158
0,67 €
4,47 € / kg

Kuivatatud mango SEEBERGER 100g
https://www.e-maxima.ee/SiteImages/Inventory/4/9/4/494dccba-9cc8-477f-883a-a2a504ef800f.png?v=20160209.1158
3,19 €
31,90 € / kg

Rosinad Sultan 400g
https://www.e-maxima.ee/SiteImages/Inventory/4/7/3/4732a1ad-ab45-4270-aff1-4f1bd5c5ecc9.png?v=20160209.1158
1,34 €
3,35 € / kg

Mustikas kuivatatud ALISE 150g
https://www.e-maxima.ee/SiteImages/Inventory/5/8/e/58e076de-4630-46b4-9886-70a5a9c523b1.png?v=20160209.1158
3,19 €
21,27 € / kg

Šokolaadimuna Kinder 20g
https://www.e-maxima.ee/SiteImages/Inventory/0/e/e/0ee9e454-ddc7-412b-90d4-95081c06c7ee.png?v=20160209.1158
0,82 €
41,00 € / kg

Šok.batoonike BOUNTY 57g
https://www.e-maxima.ee/SiteImages/Inventory/f/8/9/f899e767-0450-4668-a781-17451aca0600.png?v=20160209.1158
0,69 €
12,11 € / kg

Šokolaad pähkli-rosina Karl FAZER 200g
https://www.e-maxima.ee/SiteImages/Inventory/7/e/1/7e193f71-5ecc-4016-8b16-c5a0ce0bc9f9.png?v=20160209.1158
2,59 €
12,95 € / kg

Šokolaad pähklitega Karl FAZER 200g
https://www.e-maxima.ee/SiteImages/Inventory/2/7/e/27edfcc2-1a9d-46d5-ab5d-885d8920b760.png?v=20160209.1158
2,69 €
13,45 € / kg

Šokolaad pähklitäidis. Geisha FAZER 100g
https://www.e-maxima.ee/SiteImages/Inventory/4/e/a/4ea02d7f-ef16-4e70-ac8a-5b5a1f787a5f.png?v=20160209.1158
1,39 €
13,90 € / kg

Šok.batoonike Kinder Bueno FERRERO 43g
https://www.e-maxima.ee/SiteImages/Inventory/9/3/a/93aff5d4-bf24-4627-ad07-a056962b9332.png?v=20160209.1158
0,63 €
14,65 € / kg

Šokolaad Kinder FERRERO 50g
https://www.e-maxima.ee/SiteImages/Inventory/b/d/5/bd5d60e2-fa72-4e9a-8c33-84619e88943d.png?v=20160209.1158
0,64 €
12,80 € / kg

Šok.batoonike Country Kinder FERRERO 24g
https://www.e-maxima.ee/SiteImages/Inventory/9/f/7/9f7ce111-3934-4e6b-93f3-3b29be3c8f4a.png?v=20160209.1158
0,32 €
13,33 € / kg

Šok.batoonike Kinder Delice FERRERO 42g
https://www.e-maxima.ee/SiteImages/Inventory/2/6/a/26ac0a18-41cb-4e5d-9e67-c8c284565ccf.png?v=20160209.1158
0,52 €
12,38 € / kg

Šokolaad Kinder FERRERO 100g
https://www.e-maxima.ee/SiteImages/Inventory/6/5/2/652eebf3-c0c0-42e7-a84b-b367366aeac1.png?v=20160209.1158
1,12 €
11,20 € / kg

Piimašokolaad Karl FAZER 200g
https://www.e-maxima.ee/SiteImages/Inventory/3/8/d/38d69020-b1fa-4a19-beb1-989817f53bba.png?v=20160209.1158
2,49 €
12,45 € / kg

Piimašokolaad Anneke, KALEV 100g
https://www.e-maxima.ee/SiteImages/Inventory/2/6/f/26f1aa5c-1fc3-4f67-8f2c-a0fa3d667153.png?v=20160209.1158
1,19 €
11,90 € / kg

Tume šokolaad Bitter KALEV 100g
https://www.e-maxima.ee/SiteImages/Inventory/8/3/4/834206df-5757-48ce-93bf-ede060a65d9b.png?v=20160209.1158
1,19 €
11,90 € / kg

Šokolaad metsapähklitega KALEV 100g
https://www.e-maxima.ee/SiteImages/Inventory/a/7/a/a7a2539f-abae-491f-956b-60169160c1e5.png?v=20160209.1158
1,25 €
12,50 € / kg

Piimašokolaad Anneke KALEV 300g
https://www.e-maxima.ee/SiteImages/Inventory/1/3/0/130cd929-8235-4c89-8c0d-0332239a1b04.png?v=20160209.1158
3,39 €
11,30 € / kg

Tume šokol. metsapähklitega KALEV 300g
https://www.e-maxima.ee/SiteImages/Inventory/5/3/7/5373a697-1208-4d57-8fcf-b314d431abf4.png?v=20160209.1158
3,39 €
11,30 € / kg

Piimašokolaad Linda KALEV 300g
https://www.e-maxima.ee/SiteImages/Inventory/8/c/d/8cd10164-9388-4519-874d-04adcd6a9fe0.png?v=20160209.1158
3,39 €
11,30 € / kg

Šokolaadibatoonike Maxi TUPLA 57g
https://www.e-maxima.ee/SiteImages/Inventory/3/6/f/36f33430-a1c4-4e07-9b0c-7b8db7f5f9a5.png?v=20160209.1158
0,65 €
11,40 € / kg

Piimašok. vahvliga Mesikäpp KALEV 300g
https://www.e-maxima.ee/SiteImages/Inventory/f/7/a/f7a148dd-3881-4cbc-8d32-9ea8436cb1fb.png?v=20160209.1158
3,39 €
11,30 € / kg

Piimašokolaad Alpine Milk MILKA 100g
https://www.e-maxima.ee/SiteImages/Inventory/5/5/1/551c774b-1346-4e6c-8676-afb82e228f75.png?v=20160209.1158
1,29 €
12,90 € / kg

Piima-ja valge šokolaadi segu MILKA 100g
https://www.e-maxima.ee/SiteImages/Inventory/0/a/5/0a571383-6e6a-4fbb-933f-da27bea81868.png?v=20160209.1158
1,35 €
13,50 € / kg

Piimašok.täispähklitega RITTER SPORT100g
https://www.e-maxima.ee/SiteImages/Inventory/a/9/0/a90e7661-e976-4952-bafc-ca46a220155f.png?v=20160209.1158
1,69 €
16,90 € / kg

Kakaotahvel OLYMPIA 100g
https://www.e-maxima.ee/SiteImages/Inventory/8/7/7/87711a64-75a3-4c7a-abdc-52ad0db77274.png?v=20160209.1158
0,44 €
4,40 € / kg

Kakaotahv.maasikakreemi täid.OLYMPIA100g
https://www.e-maxima.ee/SiteImages/Inventory/e/b/5/eb50e0a7-a783-47c2-86dd-b2567944bfc8.png?v=20160209.1158
0,44 €
4,40 € / kg

Valge šokolaad SCHOGETTEN 100g
https://www.e-maxima.ee/SiteImages/Inventory/9/d/2/9d26f55f-61c6-4fff-af51-56189305d9d4.png?v=20160209.1158
1,29 €
12,90 € / kg

Martsipanibatoon Vana-Tallinn KALEV 40g
https://www.e-maxima.ee/SiteImages/Inventory/3/c/b/3cb4d9bd-ce06-4891-92b6-32f68364e90d.png?v=20160209.1158
0,49 €
12,25 € / kg

Piimašok.mandlitega Kalevipoeg KALEV300g
https://www.e-maxima.ee/SiteImages/Inventory/1/e/2/1e2a8bbc-d928-4b4d-b680-16ef06cd84b1.png?v=20160209.1158
3,39 €
11,30 € / kg

Piimašokolaad täispähklitega MILKA,100g
https://www.e-maxima.ee/SiteImages/Inventory/2/1/2/212519d1-3a49-4f22-b9e5-312d1e07e6a1.png?v=20160209.1158
1,49 €
14,90 € / kg

Šokolaadibatoonike King Size TUPLA 85g
https://www.e-maxima.ee/SiteImages/Inventory/a/c/8/ac870300-6e9d-40ac-b4e9-21cddf80c51c.png?v=20160209.1158
0,99 €
11,65 € / kg

Mõrušokolaad 85% LINDT 100g
https://www.e-maxima.ee/SiteImages/Inventory/5/8/1/581d8064-095d-43ff-b007-e91c23d687ba.png?v=20160209.1158
2,29 €
22,90 € / kg

Šokolaad Mesikäpp KALEV 100g
https://www.e-maxima.ee/SiteImages/Inventory/1/e/d/1edf6a3c-9a4e-4ea1-b4ab-79af8213db37.png?v=20160209.1158
1,19 €
11,90 € / kg

Šokolaad Crispy Joghurt MILKA 300g
https://www.e-maxima.ee/SiteImages/Inventory/5/8/9/5898cf99-b4cd-4606-88e1-2408951a6ccf.png?v=20160209.1158
3,39 €
11,30 € / kg

Mõrušokolaad Intense Orange LINDT 100g
https://www.e-maxima.ee/SiteImages/Inventory/c/d/b/cdb39593-9888-4a9f-8b12-74659f338ef4.png?v=20160209.1158
2,29 €
22,90 € / kg

Valge šokolaad mustikaga KALEV 95g
https://www.e-maxima.ee/SiteImages/Inventory/3/8/c/38c4adb4-b67a-472a-b3a0-8e4c81afe5a3.png?v=20160209.1158
1,29 €
13,58 € / kg

Magus tahvel Kama KALEV 100g
https://www.e-maxima.ee/SiteImages/Inventory/e/1/b/e1ba5da1-36aa-4d83-82f4-e0b3b604cfe2.png?v=20160209.1158
0,79 €
7,90 € / kg

Tume šok. Organic 70% kakaod N.RUTA 100g
https://www.e-maxima.ee/SiteImages/Inventory/1/6/c/16cbaa99-b0d5-463b-b4df-ec9db906d1e6.png?v=20160209.1158
1,78 €
17,80 € / kg

Piimašokolaad  küps- ja ploom.KALEV 100g
https://www.e-maxima.ee/SiteImages/Inventory/8/d/4/8d428cb1-eea6-471a-ac05-4df9af4c0310.png?v=20160209.1158
1,25 €
12,50 € / kg

Tume šokolaad kirsitükkidega KALEV 100g
https://www.e-maxima.ee/SiteImages/Inventory/4/d/c/4dc2429b-9f27-4362-bfc3-7b220d013ef4.png?v=20160209.1158
1,25 €
12,50 € / kg

Õhuline mõru šokolaad 70%kakao LAIMA 90g
https://www.e-maxima.ee/SiteImages/Inventory/c/a/f/caf6ebfe-83a4-454f-acfa-7c69a66f50a0.png?v=20160209.1158
0,95 €
10,56 € / kg

Piimašokolaad tiramisu.täid.KALEV 100g
https://www.e-maxima.ee/SiteImages/Inventory/9/0/9/90902240-f173-4c4e-add7-933105fe3b69.png?v=20160209.1158
1,25 €
12,50 € / kg

Valge šok.maasika-küpsisetük. KALEV 100g
https://www.e-maxima.ee/SiteImages/Inventory/b/5/d/b5db355f-50cd-4be5-9e89-2520d8172377.png?v=20160209.1158
1,25 €
12,50 € / kg

Piimašokolaad metspähklitega KALEV 200g
https://www.e-maxima.ee/SiteImages/Inventory/1/0/b/10b794ef-2484-4720-b890-1ffeb6338bbc.png?v=20160209.1158
2,25 €
11,25 € / kg

Valge šok.riisi ja mustikatük.KALEV 200g
https://www.e-maxima.ee/SiteImages/Inventory/b/6/5/b65cfce0-9e35-4d4a-b7c7-a3c74f23b602.png?v=20160209.1158
2,25 €
11,25 € / kg

Mõru šok. Excellence tšilliga LINDT 100g
https://www.e-maxima.ee/SiteImages/Inventory/5/5/d/55ddb17b-025f-4ef9-a606-8627abc4719e.png?v=20160209.1158
2,29 €
22,90 € / kg

Šokolaad Kinder Maxi FERRERO 21g
https://www.e-maxima.ee/SiteImages/Inventory/b/1/5/b158ea18-7cd9-4dae-ae83-ef979e1a572f.png?v=20160209.1158
0,31 €
14,76 € / kg

Tume šokolaad kirsiga KALEV 200g
https://www.e-maxima.ee/SiteImages/Inventory/0/9/5/0950aa3c-d550-4f8e-b79d-34f0f265ebd0.png?v=20160209.1158
2,25 €
11,25 € / kg

Piimašokolaad Nurr Special KALEV 100g
https://www.e-maxima.ee/SiteImages/Inventory/8/3/7/837141ed-be53-4be5-8485-49984219531e.png?v=20160209.1158
1,25 €
12,50 € / kg

Tume šokolaad Karl FAZER 200g
https://www.e-maxima.ee/SiteImages/Inventory/5/d/b/5dbe4623-b43d-43cc-9d2f-80968bce0b00.png?v=20160209.1158
2,65 €
13,25 € / kg

Tume šokolaad vaarikaga KALEV 100g
https://www.e-maxima.ee/SiteImages/Inventory/a/b/e/abe88230-fd92-4150-b6ab-dd26d25c81d2.png?v=20160209.1158
1,35 €
13,50 € / kg

Piimašok.tervete metspähkl. KALEV 200g
https://www.e-maxima.ee/SiteImages/Inventory/a/a/b/aab43942-215e-4160-9997-8f58cb823280.png?v=20160209.1158
2,25 €
11,25 € / kg

Päevalilleseemned kooritud, kg
https://www.e-maxima.ee/SiteImages/Inventory/1/6/6/166fad79-77ba-4d6e-bee8-dd5531d8b179.png?v=20160209.1158
2,01 €
2,01 € / kg

Päevalilleseemned röstitud MOGYI 200g
https://www.e-maxima.ee/SiteImages/Inventory/b/4/8/b4823d9a-b571-4a10-93ff-152a80b8e718.png?v=20160209.1158
0,67 €
3,35 € / kg

Röstitud päevalilleseemned FISHKA 100g
https://www.e-maxima.ee/SiteImages/Inventory/d/e/b/deb387a8-0d27-44b8-812a-d694ffb16e8f.png?v=20160209.1158
0,56 €
5,60 € / kg

Röstitud päevalilleseemned POTEHA 80g
https://www.e-maxima.ee/SiteImages/Inventory/e/d/b/edb13647-a9c4-4ffe-831d-a3e939a0c405.png?v=20160209.1158
0,49 €
6,13 € / kg

Päevalilleseemned soolased BABKINY, 100g
https://www.e-maxima.ee/SiteImages/Inventory/a/4/3/a4362e5f-ff58-43cb-8e71-f89bbf6db1b0.png?v=20160209.1158
0,69 €
6,90 € / kg

Päevalilleseemned soolased BABKINY, 300g
https://www.e-maxima.ee/SiteImages/Inventory/2/3/e/23e293f7-cfed-46a6-9a1f-36ff696fecce.png?v=20160209.1158
1,94 €
6,47 € / kg

Päevalilleseemned BABKINY, 100g
https://www.e-maxima.ee/SiteImages/Inventory/1/f/d/1fd47e77-1236-4f8a-8c53-05145b922bbf.png?v=20160209.1158
0,69 €
6,90 € / kg

Röst.päevalilleseemned XXL BABKINY 250g
https://www.e-maxima.ee/SiteImages/Inventory/3/c/c/3cc2d8c8-28f0-4bca-ba4b-63cd74b992be.png?v=20160209.1158
1,94 €
7,76 € / kg

Šokolaadi-dessertkaste SCHWARTAU 125ml
https://www.e-maxima.ee/SiteImages/Inventory/9/e/0/9e0a4073-1b5e-4830-81a8-3de30b69ebf7.png?v=20160209.1158
1,45 €
11,60 € / l

Võidekreem metsapähklitega NUTELLA 350g
https://www.e-maxima.ee/SiteImages/Inventory/7/3/2/7325809d-c604-47ef-93d3-5c98e33e5653.png?v=20160209.1158
2,69 €
7,69 € / kg

Võidekreem metsapähklitega NUTELLA 230g
https://www.e-maxima.ee/SiteImages/Inventory/3/6/4/36476d2f-e6dd-43d8-859f-9c95790d8b6d.png?v=20160209.1158
2,15 €
9,35 € / kg

Karamelli-dessertkaste SCHWARTAU 125ml
https://www.e-maxima.ee/SiteImages/Inventory/3/3/4/33479c2a-8d3b-4464-9b90-71f52f9e0d19.png?v=20160209.1158
1,45 €
11,60 € / l

Kreem kakao ja pähkli. MIO DELIZZI 400g
https://www.e-maxima.ee/SiteImages/Inventory/f/4/0/f40dbdf5-f536-4ff8-9b8c-2b8a9f3b7b93.png?v=20160209.1158
2,09 €
5,23 € / kg

Šokolaadikreem MIO DELIZZI 400g
https://www.e-maxima.ee/SiteImages/Inventory/1/4/9/149f1393-cb6f-440c-b003-ff5f8ad50455.png?v=20160209.1158
1,29 €
3,23 € / kg

Võidekreem pähkl. ja kakaoga NUTELLA600g
https://www.e-maxima.ee/SiteImages/Inventory/b/8/2/b82916ea-d3c7-44fe-b74e-740f1071f3fb.png?v=20160209.1158
4,75 €
7,92 € / kg

Pastillid puuvilja MENTOS  38g
https://www.e-maxima.ee/SiteImages/Inventory/9/e/1/9e1756d3-d231-4d9b-bacc-6b65d2a867a7.png?v=20160209.1158
0,57 €
15,00 € / kg

Kompvek šokolaaditäidisega MELLER 38g
https://www.e-maxima.ee/SiteImages/Inventory/f/f/7/ff7f12b2-43de-450e-913f-07d12a7546c8.png?v=20160209.1158
0,59 €
15,53 € / kg

Kummikommid Kuldkarud HARIBO 200g
https://www.e-maxima.ee/SiteImages/Inventory/6/4/9/6497b777-1b45-45b8-b5a7-99f9905d8830.png?v=20160209.1158
1,39 €
6,95 € / kg

Kummikommid Fantaasia HARIBO 200g
https://www.e-maxima.ee/SiteImages/Inventory/9/0/7/907457f9-e939-496c-bf5b-799536147a8d.png?v=20160209.1158
1,39 €
6,95 € / kg

Kompvek Migle KARUNA, kg
https://www.e-maxima.ee/SiteImages/Inventory/1/0/c/10cc528a-106f-47e8-b792-ac143d51c450.png?v=20160209.1158
6,39 €
6,39 € / kg

Iiris Toffee Kiss-Kiss KALEV 150g
https://www.e-maxima.ee/SiteImages/Inventory/f/3/1/f314626e-1939-42db-b948-bd096d9e3237.png?v=20160209.1158
0,89 €
5,93 € / kg

Šok.komp. Kinder Schoko-BonsFERRERO 125g
https://www.e-maxima.ee/SiteImages/Inventory/3/8/0/38064a12-7e27-45d2-adfc-82094988954d.png?v=20160209.1158
1,95 €
15,60 € / kg

Pehme iiris Kiss-Kiss KALEV, 150g
https://www.e-maxima.ee/SiteImages/Inventory/8/8/8/888e8050-ce62-4473-b012-442f43a91e9d.png?v=20160209.1158
0,89 €
5,93 € / kg

Nätsukomm Maoam Kracher HARIBO 200g
https://www.e-maxima.ee/SiteImages/Inventory/2/8/6/2860ecd6-31fe-4cdf-856c-7c8739a74beb.png?v=20160209.1158
1,39 €
6,95 € / kg

Batoonike Kaseke KALEV 150g
https://www.e-maxima.ee/SiteImages/Inventory/8/a/1/8a1b3437-ff25-4e8d-a7c2-ea1af46dbc41.png?v=20160209.1158
0,85 €
5,67 € / kg

Piimabatoonike Pilveke KALEV 150g
https://www.e-maxima.ee/SiteImages/Inventory/0/a/6/0a6f5a72-8597-40e3-9244-9f65d4608ac4.png?v=20160209.1158
0,85 €
5,67 € / kg

Nätsukommid TUTTI FRUTTI 15g
https://www.e-maxima.ee/SiteImages/Inventory/0/0/9/00977690-3c75-4eb4-a002-5bfc9cd2aa01.png?v=20160209.1158
0,20 €
13,33 € / kg

Batoonike Miisu 150g
https://www.e-maxima.ee/SiteImages/Inventory/a/4/1/a4170764-d35a-4105-b3fb-1824bb110c0e.png?v=20160209.1158
0,99 €
6,60 € / kg

Vahvlikompvek,rummim. Tallinn KALEV 150g
https://www.e-maxima.ee/SiteImages/Inventory/5/9/d/59d3505f-d795-4333-8d74-dae7d553fdf3.png?v=20160209.1158
1,49 €
9,93 € / kg

Karamell Troop. kokt. OPTIMA LINIJA 120g
https://www.e-maxima.ee/SiteImages/Inventory/2/f/c/2fca07bb-bebf-438e-940f-256671ad4b51.png?v=20160209.1158
0,36 €
3,00 € / kg

Karamell Meta OPTIMA LINIJA 120g
https://www.e-maxima.ee/SiteImages/Inventory/9/4/b/94b05063-98f7-4195-adf9-fcd68de3ae8a.png?v=20160209.1158
0,34 €
2,83 € / kg

Karamell barbarissim. OPTIMA LINIJA 120g
https://www.e-maxima.ee/SiteImages/Inventory/9/5/d/95d3b747-be6d-42d4-b79d-e2e1a5a15482.png?v=20160209.1158
0,34 €
2,83 € / kg

Sidr.-apels karamell OPTIMA LINIJA 120g
https://www.e-maxima.ee/SiteImages/Inventory/9/8/d/98dc62e8-ae1b-4342-a1f4-3ecaef1f55c4.png?v=20160209.1158
0,34 €
2,83 € / kg

Pralineekompvek Komeet KALEV 175g
https://www.e-maxima.ee/SiteImages/Inventory/1/c/4/1c4e69e7-8c6e-4216-8cc3-2688923f59b6.png?v=20160209.1158
1,19 €
6,80 € / kg

Pralineekompvek Teekonna KALEV 175g
https://www.e-maxima.ee/SiteImages/Inventory/d/7/e/d7e25eca-d500-4501-a812-660b0ec592cd.png?v=20160209.1158
1,15 €
6,57 € / kg

Batoonike Kaseke KALEV, kg
https://www.e-maxima.ee/SiteImages/Inventory/2/9/c/29c4e9a8-68f0-4229-80f6-1eef5f72f19d.png?v=20160209.1158
7,19 €
7,19 € / kg

Pralineekompvek Oravake KALEV 175g
https://www.e-maxima.ee/SiteImages/Inventory/2/e/3/2e3e9fe2-c28c-4a75-b385-932df7353f2a.png?v=20160209.1158
1,59 €
9,09 € / kg

Vahvlikompvek Ananass KALEV 150g
https://www.e-maxima.ee/SiteImages/Inventory/a/e/3/ae391563-6275-41aa-b6a7-d3aaeebaa7ed.png?v=20160209.1158
1,39 €
9,27 € / kg

Marmelaadikompvek Lily KALEV  175g
https://www.e-maxima.ee/SiteImages/Inventory/4/0/c/40c85e3c-7630-4726-ab66-d2c98be3fbcf.png?v=20160209.1158
1,35 €
7,71 € / kg

Marmelaadikompvek Tiina KALEV 175g
https://www.e-maxima.ee/SiteImages/Inventory/7/5/3/75374914-84a1-47db-a3a9-ad324a3db647.png?v=20160209.1158
1,35 €
7,71 € / kg

Iirisekompvek Dumle Original FAZER 120g
https://www.e-maxima.ee/SiteImages/Inventory/e/8/1/e816152a-c44e-4f4e-b49b-60b195fc6e90.png?v=20160209.1158
1,49 €
12,42 € / kg

Närimiskompvek maasik.Draakon KALEV 110g
https://www.e-maxima.ee/SiteImages/Inventory/d/f/7/df727fc3-d635-46f9-80ed-cd7e315b25f7.png?v=20160209.1158
0,73 €
6,64 € / kg

Pastillid FreshMint Tic-Tac FERRERO 49g
https://www.e-maxima.ee/SiteImages/Inventory/e/2/5/e25f2915-a7bb-431b-9345-a210b762380e.png?v=20160209.1158
1,26 €
25,71 € / kg

Puuviljakompvekid SKITTLES 38g
https://www.e-maxima.ee/SiteImages/Inventory/4/0/9/40910aae-9ae4-431b-89a5-efc193585df5.png?v=20160209.1158
0,63 €
16,58 € / kg

Puuvil.kompvekid CrazySours SKITTLES 38g
https://www.e-maxima.ee/SiteImages/Inventory/8/4/2/8421658e-a3af-40f3-ab39-440694033308.png?v=20160209.1158
0,63 €
16,58 € / kg

Karamell puuvilja-marja, assortii 500g
https://www.e-maxima.ee/SiteImages/Inventory/d/0/7/d0720325-e3f6-47ba-bec7-d7b6dadc0dbf.png?v=20160209.1158
1,79 €
3,58 € / kg

Karamell,barbarissimaitseline KALEV 120g
https://www.e-maxima.ee/SiteImages/Inventory/a/e/8/ae816b15-c0ad-4298-ba50-51c185f03410.png?v=20160209.1158
0,49 €
4,08 € / kg

Pralineekompvek KALEV 175g
https://www.e-maxima.ee/SiteImages/Inventory/d/b/9/db9a9cc9-3caf-4777-a058-fdd59df9095f.png?v=20160209.1158
1,69 €
9,66 € / kg

Pralineekompvek India pähkliga KALEV175g
https://www.e-maxima.ee/SiteImages/Inventory/d/1/4/d14d7eab-92e7-4dd7-a644-41ad0b2d3196.png?v=20160209.1158
1,69 €
9,66 € / kg

Pralineekompvek Karakum KALEV 175g
https://www.e-maxima.ee/SiteImages/Inventory/6/7/c/67c86ae7-2d3d-4d72-8168-edcc9517a967.png?v=20160209.1158
1,69 €
9,66 € / kg

Vahvlikompvek Mesikäpp KALEV 150g
https://www.e-maxima.ee/SiteImages/Inventory/6/7/5/675b45e1-2ef6-4d1b-9484-09a62eac338a.png?v=20160209.1158
1,49 €
9,93 € / kg

Marmelaadikompv.marjam.Mari KALEV 175g
https://www.e-maxima.ee/SiteImages/Inventory/b/d/3/bd312a39-1394-44ff-af85-b1559dc3e2db.png?v=20160209.1158
1,45 €
8,29 € / kg

Marmelaadikompv.kirsimaits.KALEV 175g
https://www.e-maxima.ee/SiteImages/Inventory/d/a/d/dad1fbf1-beaa-401f-aa2e-5281ddf3f426.png?v=20160209.1158
1,35 €
7,71 € / kg

Pumatikompvek rummim.Tõmmu KALEV 175g
https://www.e-maxima.ee/SiteImages/Inventory/a/b/d/abd9ba0b-5e0e-43c8-8863-a5eb328efabf.png?v=20160209.1158
1,35 €
7,71 € / kg

Karamell,piparmündimaitseline KALEV 120g
https://www.e-maxima.ee/SiteImages/Inventory/3/0/4/3047a7b4-0c5e-4504-a5df-e092c48e94f8.png?v=20160209.1158
0,52 €
4,33 € / kg

Karamell,pirnimaitseline KALEV 120g
https://www.e-maxima.ee/SiteImages/Inventory/0/c/f/0cf5183d-4127-452c-9e17-4bb61e0e2c05.png?v=20160209.1158
0,49 €
4,08 € / kg

Karamell,apelsinimaitseline KALEV 120g
https://www.e-maxima.ee/SiteImages/Inventory/3/f/6/3f6e2248-028b-4e0b-9e60-d85bcf8f6b02.png?v=20160209.1158
0,49 €
4,08 € / kg

Närimiskompvek õunam. Draakon KALEV 110g
https://www.e-maxima.ee/SiteImages/Inventory/a/b/8/ab87c68e-7e16-4935-96a2-84fba775d5d8.png?v=20160209.1158
0,79 €
7,18 € / kg

Kummikommid Pico-Balla HARIBO 175g
https://www.e-maxima.ee/SiteImages/Inventory/3/1/5/31554fa1-b8fa-49ff-8d57-bc339f847598.png?v=20160209.1158
1,29 €
7,37 € / kg

Närimiskompv.kirsimait.DraakonKALEV 110g
https://www.e-maxima.ee/SiteImages/Inventory/9/7/9/9795dadf-e8c1-45b1-a492-9ec66205e799.png?v=20160209.1158
0,80 €
7,27 € / kg

Karamell Citric Slices ROSHEN,kg
https://www.e-maxima.ee/SiteImages/Inventory/e/c/8/ec8fc34d-fbb1-4e3e-86a4-bb30440215bf.png?v=20160209.1158
2,85 €
2,85 € / kg

Karamell assortii Fruits ROSHEN,kg
https://www.e-maxima.ee/SiteImages/Inventory/a/e/e/aee97fff-6d9b-4740-b443-b535506741d1.png?v=20160209.1158
3,06 €
3,06 € / kg

Karamell Sweet Drop ROSHEN,kg
https://www.e-maxima.ee/SiteImages/Inventory/f/4/d/f4d8f7f5-c331-4e5c-b72a-a6bf4f12b0fe.png?v=20160209.1158
4,99 €
4,99 € / kg

Kummikompvekid Jelly ROSHEN,kg
https://www.e-maxima.ee/SiteImages/Inventory/e/b/2/eb281971-6169-4dfb-be2a-06ae1efca91c.png?v=20160209.1158
4,15 €
4,15 € / kg

Nätsukommid Cars TUTTI FRUTTI 15g
https://www.e-maxima.ee/SiteImages/Inventory/7/7/a/77a56878-f7da-481e-9449-ba44b15f9023.png?v=20160209.1158
0,24 €
16,00 € / kg

Kompvekikarp Raffaello FERRERO 150g
https://www.e-maxima.ee/SiteImages/Inventory/0/5/1/051dde6b-35b4-4d15-be71-e36a87751ad8.png?v=20160209.1158
2,39 €
15,93 € / kg

Kompvekikarp Rocher FERRERO 200g
https://www.e-maxima.ee/SiteImages/Inventory/d/5/e/d5e9a02a-2fa2-4253-b9b9-0e18c6552f81.png?v=20160209.1158
5,45 €
27,25 € / kg

Kompvek Geisha karbis FAZER 150g
https://www.e-maxima.ee/SiteImages/Inventory/d/a/f/dafd6fce-631b-48f7-8c9e-7cca5481b3c5.png?v=20160209.1158
2,49 €
16,60 € / kg

Piimašokolaadikompv. Geisha FAZER 350g
https://www.e-maxima.ee/SiteImages/Inventory/c/a/3/ca330d07-8ac9-4b72-ad9a-08deba14c1aa.png?v=20160209.1158
5,39 €
15,40 € / kg

Šokolaadikompv. Julia FAZER 350g
https://www.e-maxima.ee/SiteImages/Inventory/9/b/b/9bb4a133-f428-4a04-81e7-4f1139629392.png?v=20160209.1158
4,79 €
13,69 € / kg

Kompvekikarp Seashells HAMLET 125g
https://www.e-maxima.ee/SiteImages/Inventory/b/5/7/b577f5e9-4bc7-4259-a61c-6bad8c6bb7d8.png?v=20160209.1158
2,29 €
18,32 € / kg

Kompvekikarp Toffifee STORCK 125g
https://www.e-maxima.ee/SiteImages/Inventory/e/9/5/e951b103-8f15-4480-a0c4-4ec6ef701e86.png?v=20160209.1158
2,35 €
18,80 € / kg

Šokolaadiassortii Merci STORCK 250g
https://www.e-maxima.ee/SiteImages/Inventory/a/b/1/ab102209-a258-4b0c-bd0f-a74ee9744dd9.png?v=20160209.1158
4,79 €
19,16 € / kg

Pähklitrühvlid JACQOUT  200g
https://www.e-maxima.ee/SiteImages/Inventory/9/3/5/93573d82-4bb6-4720-8c59-9bb4e2845901.png?v=20160209.1158
2,49 €
12,45 € / kg

Šok.kompvekid Rocher FERRERO 37.5g
https://www.e-maxima.ee/SiteImages/Inventory/5/3/a/53a508e3-3e13-4781-b5ed-f3e492783ce2.png?v=20160209.1158
0,99 €
26,40 € / kg

Šok.lehed piparmün.AfterEight NESTLE200g
https://www.e-maxima.ee/SiteImages/Inventory/6/3/c/63cdbe63-13f7-44b8-a8fe-203efcaf1e3d.png?v=20160209.1158
3,29 €
16,45 € / kg

Kompvekikarp Tallinna Siluett KALEV 186g
https://www.e-maxima.ee/SiteImages/Inventory/8/3/2/8324e951-ca4a-4a48-bb1f-939a6323ef09.png?v=20160209.1158
2,69 €
14,46 € / kg

Kompvekikarp Maiuspala KALEV 200g
https://www.e-maxima.ee/SiteImages/Inventory/4/5/a/45ae75d9-99b9-40b0-ad93-ec6cc6ebc27d.png?v=20160209.1158
3,65 €
18,25 € / kg

Pralineekompvek Kadriorg  KALEV 435g
https://www.e-maxima.ee/SiteImages/Inventory/9/6/6/966327d9-adf6-43ab-8a82-23197d83acda.png?v=20160209.1158
9,49 €
21,82 € / kg

Kompvekikarp Kannel KALEV 350g
https://www.e-maxima.ee/SiteImages/Inventory/3/9/8/3983f682-5cc0-49f1-8c1c-e74e860daba6.png?v=20160209.1158
8,69 €
24,83 € / kg

Pralineekompvek Estonia KALEV 500g
https://www.e-maxima.ee/SiteImages/Inventory/e/6/e/e6eeb273-1e69-4898-9200-5a80f0196cbe.png?v=20160209.1158
6,29 €
12,58 € / kg

Kompvekikarp Estonia Teater KALEV 185g
https://www.e-maxima.ee/SiteImages/Inventory/7/1/2/712087a8-472e-4c34-824e-848b43a8b949.png?v=20160209.1158
4,39 €
23,73 € / kg

Trühvlid Original DELI TRUFF 175g
https://www.e-maxima.ee/SiteImages/Inventory/7/b/3/7b3f2674-dd66-4d17-aaf1-b83454e6ff44.png?v=20160209.1158
1,49 €
8,51 € / kg

Kompvekikarp Milk Choc. V.PERGALE 373g
https://www.e-maxima.ee/SiteImages/Inventory/4/4/4/444c6511-a396-4178-9a51-23b8542b1e60.png?v=20160209.1158
5,59 €
14,99 € / kg

Kompvekikarp Dark Choc. V.PERGALE 373g
https://www.e-maxima.ee/SiteImages/Inventory/f/a/6/fa6770dc-99c8-42d9-8ede-1329af4c7b7a.png?v=20160209.1158
5,59 €
14,99 € / kg

Kompvekikarp Tallinn V.PERGALE 382g
https://www.e-maxima.ee/SiteImages/Inventory/4/d/1/4d126220-988a-48b4-8091-c4a997c9fa2b.png?v=20160209.1158
3,99 €
10,45 € / kg

Trühvlid apelsinim.V.PERGALE 200g
https://www.e-maxima.ee/SiteImages/Inventory/2/e/4/2e4b5c36-6967-448c-a355-c18c534fbe6b.png?v=20160209.1158
2,69 €
13,45 € / kg

Piimašokolaadid karbis  Mix MILKA 147g
https://www.e-maxima.ee/SiteImages/Inventory/b/8/1/b813e2d6-4ac2-47f2-9b4d-8df93dd8db87.png?v=20160209.1158
2,55 €
17,35 € / kg

Kompvekikarp Raffaello FERRERO  230g
https://www.e-maxima.ee/SiteImages/Inventory/1/0/b/10b98f2b-42b3-4b00-abda-462ddb760537.png?v=20160209.1158
4,29 €
18,65 € / kg

Kompvekikarp Rocher FERRERO 375 g
https://www.e-maxima.ee/SiteImages/Inventory/5/a/e/5ae026cf-bc14-4683-8a4a-4e574104735b.png?v=20160209.1158
8,75 €
23,33 € / kg

Kompvekikarp Cardinale KALEV 186g
https://www.e-maxima.ee/SiteImages/Inventory/0/6/6/066d9b54-50cc-44eb-900b-2a1ffd4e959b.png?v=20160209.1158
3,25 €
17,47 € / kg

Karp šok.kompv.pähkl. I Love MILKA 110g
https://www.e-maxima.ee/SiteImages/Inventory/a/4/c/a4c4f0ee-070f-4900-98d2-c3a31079aba0.png?v=20160209.1158
2,69 €
24,45 € / kg

Pralineekompvek Maiuspala KALEV 120g
https://www.e-maxima.ee/SiteImages/Inventory/f/b/b/fbb6e148-c8da-4a4a-b30d-fcbe7f33b73b.png?v=20160209.1158
2,95 €
24,58 € / kg

Liköörikompvekkide valik KALEV 350g
https://www.e-maxima.ee/SiteImages/Inventory/c/1/7/c1719776-8a3e-450c-a149-759875e9f407.png?v=20160209.1158
4,49 €
12,83 € / kg

Šok.kompv.Parimate soovidega KALEV 186g
https://www.e-maxima.ee/SiteImages/Inventory/8/7/a/87a21b82-5b47-41af-a080-783f25570f26.png?v=20160209.1158
3,19 €
17,15 € / kg

Kompvekikarp Gold V.PERGALE 372g
https://www.e-maxima.ee/SiteImages/Inventory/e/2/c/e2cc995c-441c-4240-9aa7-5757696a5f53.png?v=20160209.1158
5,59 €
15,03 € / kg

Kompvekikarp Roses V.PERGALE 376g
https://www.e-maxima.ee/SiteImages/Inventory/4/4/6/4460ed2f-3a52-4663-8374-89632407acea.png?v=20160209.1158
5,69 €
15,13 € / kg

Šokolaadikompv. Linnupiim KALEV 340g
https://www.e-maxima.ee/SiteImages/Inventory/1/c/2/1c284a66-7be6-4492-b353-b2c4b056fc9e.png?v=20160209.1158
5,95 €
17,50 € / kg

Šokolaadikompv. Linnupiim KALEV 238g
https://www.e-maxima.ee/SiteImages/Inventory/b/9/5/b95f8665-747d-4db6-9c85-fc05dfb45397.png?v=20160209.1158
3,99 €
16,76 € / kg

Šok.kompv. Linnupiim,vanillim.KALEV 136g
https://www.e-maxima.ee/SiteImages/Inventory/b/f/1/bf1d5105-e077-49e1-91a2-fead8c4678f4.png?v=20160209.1158
2,39 €
17,57 € / kg

Kompvekid Dark Geisha FAZER 150g
https://www.e-maxima.ee/SiteImages/Inventory/3/b/7/3b7115fb-fff0-4531-b8f9-7ce577e661e9.png?v=20160209.1158
2,49 €
16,60 € / kg

Assortiikompv. Selection GeishaFAZER200g
https://www.e-maxima.ee/SiteImages/Inventory/0/2/1/0217012d-7948-46bb-ad2a-75e57d3b7665.png?v=20160209.1158
5,49 €
27,45 € / kg

Trühvlid Cognac V.PERGALE 200g
https://www.e-maxima.ee/SiteImages/Inventory/b/3/b/b3bfc679-6573-48e0-81af-65fe0d9e6578.png?v=20160209.1158
2,89 €
14,45 € / kg

Kompvekid Collection FERRERO 172g
https://www.e-maxima.ee/SiteImages/Inventory/4/5/2/452d9098-2964-45b1-be14-1c187df940c1.png?v=20160209.1158
5,89 €
34,24 € / kg

Kompvekikarp Athena KALEV 435g
https://www.e-maxima.ee/SiteImages/Inventory/6/4/3/6439af3f-0294-446b-b920-5a048061bc5d.png?v=20160209.1158
6,59 €
15,15 € / kg

Kompvekikarp Kuldne KALEV 435g
https://www.e-maxima.ee/SiteImages/Inventory/f/c/c/fcc6b674-4ffa-4130-95f2-e28f722a996f.png?v=20160209.1158
6,59 €
15,15 € / kg

Kompv.karp Vana Tallinn Cream KALEV 124g
https://www.e-maxima.ee/SiteImages/Inventory/6/7/3/673e6a70-7154-46a2-b464-85f9404a1fd4.png?v=20160209.1158
1,99 €
16,05 € / kg

Kompv.karp sufl. vanil.m.MIO DELIZZI450g
https://www.e-maxima.ee/SiteImages/Inventory/1/0/6/1066b5dc-5b5c-4ba2-b44d-bdbbf9a8787a.png?v=20160209.1158
2,49 €
5,53 € / kg

Komp.karp suflee šok.m. MIO DELIZZI 450g
https://www.e-maxima.ee/SiteImages/Inventory/7/e/0/7e031bc4-739c-41cc-ae96-55fe189254b4.png?v=20160209.1158
2,49 €
5,53 € / kg

Piimašok.kompv. Anneke KALEV 204g
https://www.e-maxima.ee/SiteImages/Inventory/0/b/7/0b7da9e0-3e85-448a-b8e8-4909c024251a.png?v=20160209.1158
4,09 €
20,05 € / kg

Kompvekikarp Raffaello FERRERO  260g
https://www.e-maxima.ee/SiteImages/Inventory/d/c/c/dcc8484a-327a-4501-a324-357d76489b42.png?v=20160209.1158
5,19 €
19,96 € / kg

Kompvekikarp Kallile KALEV, 224g
https://www.e-maxima.ee/SiteImages/Inventory/f/c/e/fceda426-95d1-4423-b68e-9369cb2b0a40.png?v=20160209.1158
3,39 €
15,13 € / kg

Šok.kompv.marmel.täid.Draakon KALEV 126g
https://www.e-maxima.ee/SiteImages/Inventory/1/6/4/164fee06-e4c8-4213-b590-f25123c5b624.png?v=20160209.1158
1,95 €
15,48 € / kg

Näts Winterfresh (bag) ORBIT 35g
https://www.e-maxima.ee/SiteImages/Inventory/3/6/c/36c21244-8bc3-4267-b2c6-5049a3bcc632.png?v=20160209.1158
0,93 €
26,57 € / kg

Näts Eucalyptus suhkruvaba ORBIT 14g
https://www.e-maxima.ee/SiteImages/Inventory/c/5/6/c56758bf-c1a8-4790-8f17-1977d7961afc.png?v=20160209.1158
0,46 €
32,86 € / kg

Näts Sweet Mint ORBIT 14g
https://www.e-maxima.ee/SiteImages/Inventory/1/9/7/197959ab-97a0-430a-8101-25e6896bd7e0.png?v=20160209.1158
0,47 €
33,57 € / kg

Näts Winterfresh ORBIT  14g
https://www.e-maxima.ee/SiteImages/Inventory/a/8/6/a8618a97-0187-4e5b-9af2-7202842e3517.png?v=20160209.1158
0,46 €
32,86 € / kg

Pastillid Extra Strong MYNTHON 34g
https://www.e-maxima.ee/SiteImages/Inventory/d/8/6/d86ed55c-08b3-4659-924b-697541bd18fd.png?v=20160209.1158
0,59 €
17,35 € / kg

Pastillid Lime Vita-C HALLS 33.5g
https://www.e-maxima.ee/SiteImages/Inventory/a/f/1/af13c763-8443-4cce-b9a7-c69df29923d3.png?v=20160209.1158
0,59 €
17,61 € / kg

Pastillid Vita-C Strawberry HALLS 33,5g
https://www.e-maxima.ee/SiteImages/Inventory/a/8/8/a88fc966-e931-439e-9cd2-18152e9f6656.png?v=20160209.1158
0,59 €
17,61 € / kg

Pastillid Mentho-Lyptus HALLS 33g
https://www.e-maxima.ee/SiteImages/Inventory/e/3/a/e3a5ce93-97d6-47b9-acf6-4a4de20bfebf.png?v=20160209.1158
0,59 €
17,88 € / kg

Pastillid Exstra Strong HALLS 33g
https://www.e-maxima.ee/SiteImages/Inventory/4/6/4/464a054c-84df-43fc-b2b8-f003f036f114.png?v=20160209.1158
0,57 €
17,27 € / kg

Pastillid Mee-Sidruni HALLS 33g
https://www.e-maxima.ee/SiteImages/Inventory/e/7/0/e7015588-d90a-4409-8638-077763130138.png?v=20160209.1158
0,57 €
17,27 € / kg

Näts White Fresh Mint ORBIT 14g
https://www.e-maxima.ee/SiteImages/Inventory/8/3/e/83ebb7bc-456e-4a7d-86a0-8f830f602a9c.png?v=20160209.1158
0,46 €
32,86 € / kg

Näts White Fruit ORBIT 14g
https://www.e-maxima.ee/SiteImages/Inventory/c/4/a/c4a0ad96-0996-4e7d-a334-ff3f2e4d1390.png?v=20160209.1158
0,46 €
32,86 € / kg

Pastillid Citrus Multivitamin MYNTHON34g
https://www.e-maxima.ee/SiteImages/Inventory/d/1/a/d1afd221-cf4a-4b4e-97e9-2d87150473dc.png?v=20160209.1158
0,59 €
17,35 € / kg

Pastillid Wild Berry HALLS 33.5g
https://www.e-maxima.ee/SiteImages/Inventory/9/5/c/95cefd3d-3f71-4caf-b780-eacb0c0e13bd.png?v=20160209.1158
0,59 €
17,61 € / kg

Näts Sweet Mint (bag) ORBIT 35g
https://www.e-maxima.ee/SiteImages/Inventory/d/4/4/d4406cac-984b-4f94-9f08-d53284220998.png?v=20160209.1158
0,93 €
26,57 € / kg

Pastillid Apple+C suhkruvaba MYNTHON 31g
https://www.e-maxima.ee/SiteImages/Inventory/5/c/b/5cbc6694-614d-4db0-94c1-46b4b402d9d1.png?v=20160209.1158
0,65 €
19,12 € / kg

Näts Peppermint ORBIT 14g
https://www.e-maxima.ee/SiteImages/Inventory/f/f/5/ff5ea642-1bb9-42c0-8617-b95fe3830791.png?v=20160209.1158
0,46 €
32,86 € / kg

Näts Kids Classic ORBIT 13g
https://www.e-maxima.ee/SiteImages/Inventory/4/1/3/41344ac1-59fc-422f-b806-cb263072d18a.png?v=20160209.1158
0,31 €
23,85 € / kg

Pastillid OrangeMint Tic-Tac FERRERO 49g
https://www.e-maxima.ee/SiteImages/Inventory/1/5/6/15651a6a-c5c6-421c-9d03-3d85d35b1e77.png?v=20160209.1158
1,26 €
25,71 € / kg

Näts Watermelon ORBIT 14g
https://www.e-maxima.ee/SiteImages/Inventory/2/5/8/258c1313-d574-416a-9869-67b963849a42.png?v=20160209.1158
0,49 €
35,00 € / kg

Näts White Spearmint ORBIT 14g
https://www.e-maxima.ee/SiteImages/Inventory/5/8/a/58a4cd54-c08a-4ae9-8c16-4d1fc92522bf.png?v=20160209.1158
0,46 €
32,86 € / kg

Näts White Spearmint (bag) ORBIT 35g
https://www.e-maxima.ee/SiteImages/Inventory/b/3/3/b33baef5-6150-47fa-b51d-e0a333d416ca.png?v=20160209.1158
0,93 €
26,57 € / kg

Näts  Spearmint ORBIT 14g
https://www.e-maxima.ee/SiteImages/Inventory/8/c/6/8c6e6862-08e7-4877-aef0-92b7ab639db6.png?v=20160209.1158
0,46 €
32,86 € / kg

Näts  Blueberry ORBIT 14g
https://www.e-maxima.ee/SiteImages/Inventory/6/c/c/6cce17e9-91b5-4023-b94e-9ce6cc14b51b.png?v=20160209.1158
0,46 €
32,86 € / kg

Näts Raspberry Cocktail DIROL 13.6g
https://www.e-maxima.ee/SiteImages/Inventory/2/b/4/2b44ae37-32ad-48cb-ab16-46d173ffeaf2.png?v=20160209.1158
0,45 €
33,09 € / kg

Näts Frosty Mint DIROL 13.6g
https://www.e-maxima.ee/SiteImages/Inventory/3/9/5/3958ddb1-3372-4847-9b26-708a244509ff.png?v=20160209.1158
0,45 €
33,09 € / kg

Näts Sweet Freshness DIROL 13.6g
https://www.e-maxima.ee/SiteImages/Inventory/4/6/a/46a9b667-0b11-408a-9cfb-bc78da850139.png?v=20160209.1158
0,45 €
33,09 € / kg

Mullinäts Bubbly CHUPACHUPS 11g
https://www.e-maxima.ee/SiteImages/Inventory/9/6/f/96f622c5-a444-4ad6-8743-db513c559c5d.png?v=20160209.1158
0,46 €
41,82 € / kg

Näts Spearmint DIROL 13.6g
https://www.e-maxima.ee/SiteImages/Inventory/e/9/c/e9c2ae10-4075-445a-b99e-333687782ec2.png?v=20160209.1158
0,45 €
33,09 € / kg

Pastillid Honey-Lemon LOCKETS 41g
https://www.e-maxima.ee/SiteImages/Inventory/0/c/4/0c4c0071-d2e6-4c09-9e96-18cdbf26c0b6.png?v=20160209.1158
0,65 €
15,85 € / kg

Pastillid Puuviljamix HELLO KITTY 46g
https://www.e-maxima.ee/SiteImages/Inventory/9/f/0/9f010b68-c455-43d3-af51-29e7e7699ba4.png?v=20160209.1158
1,20 €
26,09 € / kg

Pastillid spearmint Mints ORBIT 28g
https://www.e-maxima.ee/SiteImages/Inventory/2/1/e/21eec5cc-0233-43ce-9b30-c74cdd16a07a.png?v=20160209.1158
0,65 €
23,21 € / kg

Pastillid Wild Fruit Drops ORBIT 33g
https://www.e-maxima.ee/SiteImages/Inventory/1/7/d/17dff42a-7e69-47aa-ac20-6c1deb25ed20.png?v=20160209.1158
0,65 €
19,70 € / kg

Pastillid Lemon-honey MYNTHON 34g
https://www.e-maxima.ee/SiteImages/Inventory/6/c/2/6c2ecf19-3db9-4a72-a37c-7b536768715a.png?v=20160209.1158
0,63 €
18,53 € / kg

Näts Melon Watermelon DIROL 13,6g
https://www.e-maxima.ee/SiteImages/Inventory/3/9/9/39935ca0-852d-493c-acc9-dbc9161af96a.png?v=20160209.1158
0,45 €
33,09 € / kg

Närimiskumm Kids Classic ORBIT 27g
https://www.e-maxima.ee/SiteImages/Inventory/c/f/b/cfb6334c-39cc-4539-ab3f-bd8122e55630.png?v=20160209.1158
0,99 €
36,67 € / kg

Näts White Fruit (bag) ORBIT 35g
https://www.e-maxima.ee/SiteImages/Inventory/5/f/5/5f581aa4-95d6-4fdc-bc11-407fae7606bc.png?v=20160209.1158
0,93 €
26,57 € / kg

Näts Bubblemint ORBIT 14g
https://www.e-maxima.ee/SiteImages/Inventory/e/4/c/e4c8bbe8-972a-43e6-acbf-7e0d28dd0c58.png?v=20160209.1158
0,46 €
32,86 € / kg

Pastillid piparm. mait.Tic-TacFERRERO18g
https://www.e-maxima.ee/SiteImages/Inventory/f/0/8/f081a9fb-4b4a-48e4-90ad-a14689c6d94b.png?v=20160209.1158
0,55 €
30,56 € / kg

Pastillid apels. maits.Tic-TacFERRERO18g
https://www.e-maxima.ee/SiteImages/Inventory/9/c/2/9c24a824-3b68-4ee8-a3ae-9955086c206d.png?v=20160209.1158
0,55 €
30,56 € / kg

Pastillid maasika mait.Tic-TacFERRERO18g
https://www.e-maxima.ee/SiteImages/Inventory/6/4/a/64aadfd3-8034-4ec7-9bb8-ab20c97f4ac7.png?v=20160209.1158
0,55 €
30,56 € / kg

Näts Wild Strawberry DIROL 13,6g
https://www.e-maxima.ee/SiteImages/Inventory/b/0/b/b0b4f162-4556-42ee-95d4-d2ec648a72f4.png?v=20160209.1158
0,45 €
33,09 € / kg

Närimiskumm Spearmint DIROL 30g
https://www.e-maxima.ee/SiteImages/Inventory/8/a/4/8a4479af-9585-4c3e-8962-c59040db1bae.png?v=20160209.1158
0,95 €
31,67 € / kg

Pastillid maasika MYNTHON 31g
https://www.e-maxima.ee/SiteImages/Inventory/0/9/5/09542227-6ab7-4114-be7c-64f9b6c27908.png?v=20160209.1158
0,59 €
19,03 € / kg

Krõpsud Nacho Cheeseballs TAFFEL 200g
https://www.e-maxima.ee/SiteImages/Inventory/3/7/a/37a06fee-33ba-4fcf-bd8a-2740905ef1f8.png?v=20160209.1158
1,69 €
8,45 € / kg

Kart. krõps.hapukooremaits.LAY&#39;S 150g
https://www.e-maxima.ee/SiteImages/Inventory/6/c/d/6cda3c42-4169-4623-a76e-749f46034d88.png?v=20160209.1158
1,35 €
9,00 € / kg

Kart.krõpsud sibulamaits. LAY&#39;S 150g
https://www.e-maxima.ee/SiteImages/Inventory/8/f/4/8f446660-714f-498f-aa5e-a6f241cc2f3a.png?v=20160209.1158
1,29 €
8,60 € / kg

Kartulikrõpsud peekonimaits. LAY&#39;S 150g
https://www.e-maxima.ee/SiteImages/Inventory/8/8/1/881b0c95-d1b1-4743-b2f4-2ef23b4f69a0.png?v=20160209.1158
1,35 €
9,00 € / kg

Kart.krõpsud sibulamaits. LAY&#39;S 220g
https://www.e-maxima.ee/SiteImages/Inventory/1/2/b/12b8ba87-6029-482a-80a3-dcfa142f2262.png?v=20160209.1158
1,75 €
7,95 € / kg

Kartulikrõpsud juustumaits.LAY`S 150g
https://www.e-maxima.ee/SiteImages/Inventory/5/7/7/577a20e8-61d7-4ed2-b4fe-c84aeeb648c9.png?v=20160209.1158
1,35 €
9,00 € / kg

Kart.krõps.hap.koore-sibulaga JEGA 50g
https://www.e-maxima.ee/SiteImages/Inventory/6/a/a/6aac3dbc-3157-4078-b5cd-164f84377f83.png?v=20160209.1158
0,30 €
6,00 € / kg

Küüslaugukaste Dippi TAFFEL 14g
https://www.e-maxima.ee/SiteImages/Inventory/7/7/a/77a78420-5cb0-481f-8a41-5eb64aad8b55.png?v=20160209.1158
0,54 €
38,57 € / kg

Tillikaste Dippi TAFFEL 16g
https://www.e-maxima.ee/SiteImages/Inventory/9/7/0/970afb63-c39c-4573-b00f-00978ede86f0.png?v=20160209.1158
0,54 €
33,75 € / kg

Kart.krõpsud hapukoorem. LAY&#39;S 220g
https://www.e-maxima.ee/SiteImages/Inventory/6/4/c/64ced9d1-4ccb-4d67-8ed8-f470e84161a0.png?v=20160209.1158
1,75 €
7,95 € / kg

Krõpsud Original PRINGLES 165g
https://www.e-maxima.ee/SiteImages/Inventory/0/c/0/0c0462d3-b4ae-4aaa-b177-7d9ef751ce90.png?v=20160209.1158
1,99 €
12,06 € / kg

Krõpsud hapukoore-sib.maits.PRINGLES165g
https://www.e-maxima.ee/SiteImages/Inventory/8/a/2/8a2421f8-9d4e-4bca-abb4-f165a514eac5.png?v=20160209.1158
1,99 €
12,06 € / kg

Krõpsud Juustu Maximus PRINGLES 165g
https://www.e-maxima.ee/SiteImages/Inventory/4/f/b/4fbd180d-34ea-45ff-bc02-1ba3873579db.png?v=20160209.1158
1,99 €
12,06 € / kg

Kartulikrõp.hapukoor ja küüsl.PIRAAT150g
https://www.e-maxima.ee/SiteImages/Inventory/3/7/4/374658a2-a88e-4dee-9904-eb65759f14ff.png?v=20160209.1158
1,35 €
9,00 € / kg

Maisipulgad LOTTE 130g
https://www.e-maxima.ee/SiteImages/Inventory/b/3/b/b3b9f9bf-c8bc-4ec6-9d04-b9eb70a85e23.png?v=20160209.1158
0,86 €
6,62 € / kg

Kart.vahv.juustu ja sibulaga VAHVEL 90g
https://www.e-maxima.ee/SiteImages/Inventory/d/1/6/d16f104b-1c4c-4851-bfc8-809d83eea174.png?v=20160209.1158
0,75 €
8,33 € / kg

Kart.vahv.hapuk. ja tilliga VAHVEL 90g
https://www.e-maxima.ee/SiteImages/Inventory/c/b/5/cb510de1-aa35-4cf0-8aa3-eb5da516017a.png?v=20160209.1158
0,75 €
8,33 € / kg

Kart.vahv.suitsujuustumaits.VAHVEL 90g
https://www.e-maxima.ee/SiteImages/Inventory/e/0/8/e081877c-2a54-4d3e-b5c7-cf7125d01f0b.png?v=20160209.1158
0,75 €
8,33 € / kg

Kart.krõps. hapuk.-sibul. ESTRELLA 150g
https://www.e-maxima.ee/SiteImages/Inventory/e/6/4/e6433e05-14be-47c5-82ef-939d8f1e057e.png?v=20160209.1158
1,45 €
9,67 € / kg

Kartulikrõpsud tilliga ESTRELLA 150g
https://www.e-maxima.ee/SiteImages/Inventory/5/b/7/5b7a7b3b-e6aa-44be-b48b-228f7790379d.png?v=20160209.1158
1,45 €
9,67 € / kg

Kartulikrõpsud tomatimait.LAY&#39;S 220g
https://www.e-maxima.ee/SiteImages/Inventory/8/3/1/831cb3a6-1639-420a-8f53-7b4661a809f4.png?v=20160209.1158
1,75 €
7,95 € / kg

Kart.krõps.tšilli-ja laimimait.LAY&#39;S150g
https://www.e-maxima.ee/SiteImages/Inventory/b/e/a/bea51cd9-4a76-4c08-a831-5bf90df6ea4d.png?v=20160209.1158
1,35 €
9,00 € / kg

Kartulikrõpsud hapuk.-sibulaTAFFEL 220g
https://www.e-maxima.ee/SiteImages/Inventory/b/4/3/b43221bf-a9db-456a-8898-ecb64074d10e.png?v=20160209.1158
1,75 €
7,95 € / kg

Kreeka kaste Dippi Tzatziki TAFFEL16g
https://www.e-maxima.ee/SiteImages/Inventory/0/3/6/0368bce3-040b-4c35-ae57-d40e0c302457.png?v=20160209.1158
0,59 €
36,88 € / kg

Kart.krõps.sibula- juustuga ESTRELLA150g
https://www.e-maxima.ee/SiteImages/Inventory/c/9/a/c9a169c2-5fdb-4ac4-bc21-8bbb07e2c937.png?v=20160209.1158
1,45 €
9,67 € / kg

Hapukoore- ja sibulakaste DippiTAFFEL15g
https://www.e-maxima.ee/SiteImages/Inventory/1/e/6/1e6b7b58-3944-4326-b39c-4504536ec898.png?v=20160209.1158
0,59 €
39,33 € / kg

Leivakrõpsud küüslaugu BON CHANCE 120g
https://www.e-maxima.ee/SiteImages/Inventory/1/3/b/13bd2bb2-77e2-4821-9dab-318481e4fb4e.png?v=20160209.1158
0,99 €
8,25 € / kg

Leivakrõpsud salaami BON CHANCE 120g
https://www.e-maxima.ee/SiteImages/Inventory/3/6/4/3648b94d-7ccc-4ff1-93f9-583e5e533b31.png?v=20160209.1158
0,99 €
8,25 € / kg

Leivakrõp. küüsl.-juustu BON CHANCE 120g
https://www.e-maxima.ee/SiteImages/Inventory/0/8/4/0847fc78-5c5b-4a6b-ac6b-4b2ccaa2fc10.png?v=20160209.1158
0,99 €
8,25 € / kg

Suhkrumaisipulgad OPTIMA LINIJA 130g
https://www.e-maxima.ee/SiteImages/Inventory/7/d/6/7d6886db-865f-401a-8cf8-2a3fd28a1999.png?v=20160209.1158
0,44 €
3,38 € / kg

Dipikastmesegu Tzatziki ESTRELLA 15g
https://www.e-maxima.ee/SiteImages/Inventory/c/8/b/c8b504df-cc44-419a-bec8-0db8329dfa8c.png?v=20160209.1158
0,64 €
42,67 € / kg

Leivakrõp.hapukoore-sibul.BON CHANCE120g
https://www.e-maxima.ee/SiteImages/Inventory/7/5/a/75a9f28f-8477-4c2b-99cc-e95f86adc5a4.png?v=20160209.1158
0,99 €
8,25 € / kg

Kart.krõps.sibula- juustuga ESTRELLA200g
https://www.e-maxima.ee/SiteImages/Inventory/b/4/e/b4e663cc-1ffd-4337-b94c-776675b9fea4.png?v=20160209.1158
1,19 €
5,95 € / kg

Kart.krõps. hapuk.-sibul. ESTRELLA 200g
https://www.e-maxima.ee/SiteImages/Inventory/6/f/e/6fe0a6ca-e438-40f6-abe1-43c6236f0bf6.png?v=20160209.1158
1,19 €
5,95 € / kg

Kartulikrõpsud tillimaits. ESTRELLA 200g
https://www.e-maxima.ee/SiteImages/Inventory/c/1/6/c163f480-7de7-4309-b430-38f7a3790b98.png?v=20160209.1158
1,19 €
5,95 € / kg

Kartulikrõpsud sibulamaits. LAY&#39;S 285g
https://www.e-maxima.ee/SiteImages/Inventory/3/7/b/37b2e1a2-7ee6-478d-9132-2a67d21e5b1a.png?v=20160209.1158
2,19 €
7,68 € / kg

Kartulikrõps.hapukooremaits. LAY&#39;S 285g
https://www.e-maxima.ee/SiteImages/Inventory/b/1/e/b1e7099d-a802-4f5d-9c26-90a844283b9c.png?v=20160209.1158
2,19 €
7,68 € / kg

Maisikepikesed DINO 170g
https://www.e-maxima.ee/SiteImages/Inventory/2/2/2/2221c5b9-ed0d-409b-b7e5-f7fbf0c51bf5.png?v=20160209.1158
0,65 €
3,82 € / kg

Kartulikrõpsud juustuga CRIPSY 150g
https://www.e-maxima.ee/SiteImages/Inventory/8/d/e/8de8ebda-6c85-4347-a806-8171cacb857e.png?v=20160209.1158
0,89 €
5,93 € / kg

Kart.krõp.hapuk.-sibula mait.CRIPSY 150g
https://www.e-maxima.ee/SiteImages/Inventory/3/4/0/340e54d5-4166-4f42-84ce-20556845e3d0.png?v=20160209.1158
0,89 €
5,93 € / kg

Kartulikrõpsud tomati maits.CRIPSY 150g
https://www.e-maxima.ee/SiteImages/Inventory/1/d/2/1d2f962c-f089-41d9-8994-2dbfbbcfb1e3.png?v=20160209.1158
0,89 €
5,93 € / kg

Kartulikrõpsud tilliga CRIPSY 150g
https://www.e-maxima.ee/SiteImages/Inventory/b/8/2/b826befc-d1e8-4a7b-b376-e285668e5e83.png?v=20160209.1158
0,89 €
5,93 € / kg

Kartulikrõpsud,soolam. LAY`S MAX 140 g
https://www.e-maxima.ee/SiteImages/Inventory/d/6/0/d60a2fb7-295a-47b5-8deb-b8f55117bfed.png?v=20160209.1158
1,40 €
10,00 € / kg

Kartulikrõpsud,kebabim. LAY`S MAX 140g
https://www.e-maxima.ee/SiteImages/Inventory/7/f/c/7fc40b7d-fcd8-47ff-8123-c20db0db6198.png?v=20160209.1158
1,40 €
10,00 € / kg

Krõpsud,juustu-sibulam. LAY`S MAX 140g
https://www.e-maxima.ee/SiteImages/Inventory/6/e/c/6ec9106a-5a79-4346-be28-5808016bc592.png?v=20160209.1158
1,40 €
10,00 € / kg

Kart.vahv.suitsusingimaitsel. VAHVEL 90g
https://www.e-maxima.ee/SiteImages/Inventory/6/e/1/6e116153-7dc0-4fa2-be55-a04666070601.png?v=20160209.1158
0,75 €
8,33 € / kg

Rukkivahvel BALSNACK 90g
https://www.e-maxima.ee/SiteImages/Inventory/e/1/9/e193bf67-fd98-464f-aef0-bfbe401d6a9b.png?v=20160209.1158
0,75 €
8,33 € / kg

Kartulikrõpsud,hapukoorem. LAY`S MAX 140
https://www.e-maxima.ee/SiteImages/Inventory/f/6/f/f6fc63d5-34a2-4837-aa2e-82806c960c6e.png?v=20160209.1158
1,40 €
10,00 € / kg

Krõpsud,tillimaits. LAY`S MAX 140g
https://www.e-maxima.ee/SiteImages/Inventory/8/a/f/8af989cd-2ffd-4e03-901b-27389dcaac52.png?v=20160209.1158
1,40 €
10,00 € / kg

Juustumaitseline popkorn MOGYI 100g
https://www.e-maxima.ee/SiteImages/Inventory/d/3/a/d3a6d784-b5ec-4cb7-8939-565aff7c76e5.png?v=20160209.1158
0,49 €
4,90 € / kg

Popkorn soolaga MOGYI 100g
https://www.e-maxima.ee/SiteImages/Inventory/9/b/2/9b2d9b24-56e3-4556-bb95-35ca31b1957a.png?v=20160209.1158
0,49 €
4,90 € / kg

Võimaitseline popkorn MOGYI 100g
https://www.e-maxima.ee/SiteImages/Inventory/c/c/9/cc92a0c9-8cdd-42be-8643-c86719812531.png?v=20160209.1158
0,49 €
4,90 € / kg

Popkorn karamellimaitseline ALISE 200g
https://www.e-maxima.ee/SiteImages/Inventory/4/6/b/46b6af3d-6075-49e3-ad2e-03a520607c10.png?v=20160209.1158
1,49 €
7,45 € / kg

Popkorn soolane  ALISE 65g
https://www.e-maxima.ee/SiteImages/Inventory/e/0/0/e00c05ac-26e9-499c-ac1d-f82fda015e66.png?v=20160209.1158
0,48 €
7,38 € / kg

Päevalilleseemnehalvaa ZIPP 250g
https://www.e-maxima.ee/SiteImages/Inventory/7/b/e/7bef35e0-4055-49df-94ec-86db98f1ed83.png?v=20160209.1158
1,29 €
5,16 € / kg

Maapähklihalvaa ZIPP 250g
https://www.e-maxima.ee/SiteImages/Inventory/5/c/b/5cb00d9b-725c-46e0-a771-0b33667c91b9.png?v=20160209.1158
1,29 €
5,16 € / kg

Päevalil.halvaa fruktoosigaTsarskaja180g
https://www.e-maxima.ee/SiteImages/Inventory/c/8/a/c8a1bdb1-1617-42c5-993f-3f907b7885bc.png?v=20160209.1158
1,55 €
8,61 € / kg

Halvaa seesami-arah.frukt.Tsarskaja180g
https://www.e-maxima.ee/SiteImages/Inventory/9/a/e/9ae7837a-4901-434e-bc4d-d09701aafbb2.png?v=20160209.1158
1,55 €
8,61 € / kg

Perekurk (terved) PÕLTSAMAA 680g
https://www.e-maxima.ee/SiteImages/Inventory/c/9/c/c9ca8800-3090-4476-b80a-c560819b1fce.png?v=20160209.1158
1,15 €
1,69 € / kg

Maitselt mahe kurk SALVEST 675g
https://www.e-maxima.ee/SiteImages/Inventory/c/0/c/c0c27609-da50-4dbd-bf62-3843eaff4797.png?v=20160209.1158
1,55 €
2,30 € / kg

Maitselt mahe kurk (viil) SALVEST 675g
https://www.e-maxima.ee/SiteImages/Inventory/e/0/3/e03fe6df-37b5-4b58-a122-a18106587781.png?v=20160209.1158
1,55 €
2,30 € / kg

Maitselt mahe kurk SALVEST 1,6kg
https://www.e-maxima.ee/SiteImages/Inventory/8/b/2/8b2467fb-3168-49f7-932f-49220acafa7d.png?v=20160209.1158
3,19 €
1,99 € / kg

Magus kurk  SALVEST 675g
https://www.e-maxima.ee/SiteImages/Inventory/b/9/6/b96aeb26-913c-471f-8901-6dae13d05add.png?v=20160209.1158
1,55 €
2,30 € / kg

Hapukurk SALVEST 675g
https://www.e-maxima.ee/SiteImages/Inventory/6/9/8/698e20c8-5a3d-422c-b350-9add3bf655ab.png?v=20160209.1158
1,69 €
2,50 € / kg

Piknikukurk (viilud) FELIX 680g
https://www.e-maxima.ee/SiteImages/Inventory/f/6/9/f6922e69-5125-48ea-bef3-59284b1643c5.png?v=20160209.1158
1,15 €
1,69 € / kg

Piknikukurk (terved) PÕLTSAMAA 680g
https://www.e-maxima.ee/SiteImages/Inventory/8/3/f/83f7c582-aebe-4da0-826d-bedc8f8f7631.png?v=20160209.1158
1,15 €
1,69 € / kg

Küüslaugukurk SALVEST 675g
https://www.e-maxima.ee/SiteImages/Inventory/4/6/a/46a1ae47-ebfd-405e-8d16-cf0c6d3b7a3f.png?v=20160209.1158
1,55 €
2,30 € / kg

Marineeritud kurk SALVEST 680g
https://www.e-maxima.ee/SiteImages/Inventory/c/0/7/c076455a-e789-4508-9617-cafce681de1c.png?v=20160209.1158
1,39 €
2,04 € / kg

Delikatesskurk SALVEST 680g
https://www.e-maxima.ee/SiteImages/Inventory/c/c/8/cc869da0-f9a6-4ab8-be2f-d3beece5e898.png?v=20160209.1158
1,65 €
2,43 € / kg

Marin.kurgid MAXIMA FAVORIT 670g 3-7cm
https://www.e-maxima.ee/SiteImages/Inventory/2/b/b/2bb8e024-e62e-4690-8c1a-545f7c425004.png?v=20160209.1158
1,19 €
1,78 € / kg

Marin.kurgid (viilud)MAXIMA FAVORIT 500g
https://www.e-maxima.ee/SiteImages/Inventory/d/c/8/dc82377a-a014-424e-878d-314d76de3d43.png?v=20160209.1158
0,89 €
1,78 € / kg

Kurgid MINU 1.68kg
https://www.e-maxima.ee/SiteImages/Inventory/2/c/e/2cefb90e-313d-4404-b0d1-a875c7ed9182.png?v=20160209.1158
2,79 €
1,66 € / kg

Marin.minikurk FELIX 330g
https://www.e-maxima.ee/SiteImages/Inventory/4/e/a/4eaccf45-422a-45a2-a715-7439b7d7be86.png?v=20160209.1158
1,15 €
3,48 € / kg

Talukurk SALVEST 675g
https://www.e-maxima.ee/SiteImages/Inventory/9/2/4/924f17da-0681-44f2-ac2c-3852b31dbee1.png?v=20160209.1158
1,59 €
2,36 € / kg

Marineeritud kurgid EXTRA LINE 680g
https://www.e-maxima.ee/SiteImages/Inventory/e/6/9/e69a70fe-8666-4982-af4a-485a5cdc5e50.png?v=20160209.1158
0,95 €
1,40 € / kg

Hõõrutud tomatid MUTTI 400g
https://www.e-maxima.ee/SiteImages/Inventory/7/e/7/7e7c1940-d60c-4bfc-a462-bfdfed87671a.png?v=20160209.1158
1,45 €
3,63 € / kg

Letšo SALVEST 680g
https://www.e-maxima.ee/SiteImages/Inventory/8/f/a/8faca63f-1040-43de-9d1b-b819f73dd59e.png?v=20160209.1158
1,55 €
2,28 € / kg

Kons. paprikalõigud ANIRA Jalapeno 350g
https://www.e-maxima.ee/SiteImages/Inventory/d/b/8/db89d8f8-2eb2-4aa7-8ad7-654af2c4e314.png?v=20160209.1158
1,46 €
4,17 € / kg

Letšo MINU 680g
https://www.e-maxima.ee/SiteImages/Inventory/a/e/c/aec113c7-386c-4d2f-99de-cff6c7b0bb64.png?v=20160209.1158
1,47 €
2,16 € / kg

Kons.tom.  äädikamar. MAXIMA FAVORIT 680
https://www.e-maxima.ee/SiteImages/Inventory/b/d/e/bdef9ac2-17bf-4aa6-903d-de95af10a77a.png?v=20160209.1158
1,03 €
1,51 € / kg

Kons.tom. omas mahl. MAXIMA FAVORIT 680g
https://www.e-maxima.ee/SiteImages/Inventory/e/f/c/efc5bdd0-93c9-4266-8e5e-d8704e5474ca.png?v=20160209.1158
1,19 €
1,75 € / kg

Marineeritud paprika MAXIMA FAVORIT 680g
https://www.e-maxima.ee/SiteImages/Inventory/a/8/b/a8b09071-8f1d-4c74-8a87-f47fe86f50c5.png?v=20160209.1158
1,35 €
2,05 € / kg

Kons.kirsstom.äädik.MAXIMA FAVORIT 680g
https://www.e-maxima.ee/SiteImages/Inventory/7/4/7/747c2428-f3c1-43e1-b8a8-05b0e64076ff.png?v=20160209.1158
0,99 €
1,46 € / kg

Kooritud tomatid REGGIA 400g
https://www.e-maxima.ee/SiteImages/Inventory/1/3/b/13bf9c76-a3ed-419d-a14d-0268303f620b.png?v=20160209.1158
0,79 €
1,98 € / kg

Tükeldatud tomatid REGGIA 400g
https://www.e-maxima.ee/SiteImages/Inventory/8/9/4/89466aa3-6246-42b1-8937-f4af223a2e4e.png?v=20160209.1158
0,79 €
1,98 € / kg

Kons.koor.tom.om.mahl.MAXIMA FAVORIT400g
https://www.e-maxima.ee/SiteImages/Inventory/7/8/6/786c0f9f-e6a8-4a52-bdf0-cf4509af94b8.png?v=20160209.1158
0,65 €
1,63 € / kg

Kons.koor.tom.om.mahl.MAXIMA FAVORIT800g
https://www.e-maxima.ee/SiteImages/Inventory/0/e/e/0ee90273-a859-4918-bb98-4ffb9d4c6365.png?v=20160209.1158
1,35 €
1,69 € / kg

Kons.purustat.tomat.MAXIMA FAVORIT 400g
https://www.e-maxima.ee/SiteImages/Inventory/0/e/5/0e566729-ab5d-4554-9a20-a8145477ac0e.png?v=20160209.1158
0,70 €
1,75 € / kg

Kons.pur.tomat.basiil.MAXIMA FAVORIT400g
https://www.e-maxima.ee/SiteImages/Inventory/8/1/2/81298a08-6dca-4b81-a240-9a70eb987160.png?v=20160209.1158
0,72 €
1,80 € / kg

Kons.kooritud tomatid EXTRA LINE 400g
https://www.e-maxima.ee/SiteImages/Inventory/5/7/5/57590aee-a213-4a52-9b90-532d66977afb.png?v=20160209.1158
0,58 €
1,45 € / kg

Kons.purustatud tomatid EXTRA LINE 400g
https://www.e-maxima.ee/SiteImages/Inventory/6/0/a/60a23d8a-c069-46b5-9792-0b0d6bceb870.png?v=20160209.1158
0,57 €
1,43 € / kg

Letšo EXTRA LINE 670g
https://www.e-maxima.ee/SiteImages/Inventory/9/0/d/90dce27e-f999-467e-bd2d-b87920862a42.png?v=20160209.1158
1,09 €
1,63 € / kg

Marineeritud tomatid EXTRA LINE 680g
https://www.e-maxima.ee/SiteImages/Inventory/b/8/1/b81fd05f-b7da-46d8-b335-056dc5538b92.png?v=20160209.1158
0,95 €
1,40 € / kg

Päikesekuiv.tomatid õlis GUSTOSELLI 280g
https://www.e-maxima.ee/SiteImages/Inventory/4/1/5/415a400d-106e-4ade-8f1e-d8a14bf60141.png?v=20160209.1158
2,09 €
7,46 € / kg

Purust.tomatid küüsl.FAVORIT 400g
https://www.e-maxima.ee/SiteImages/Inventory/a/b/e/abea2310-e946-43c4-ae55-d70c50a86a56.png?v=20160209.1158
0,72 €
1,80 € / kg

Tomatipüree Tomacouli PANZANI 200g
https://www.e-maxima.ee/SiteImages/Inventory/d/4/0/d40a6c29-224b-412f-bb2f-4781c186a42d.png?v=20160209.1158
0,69 €
3,45 € / kg

Kons. herned BONDUELLE 660g
https://www.e-maxima.ee/SiteImages/Inventory/e/3/a/e3a78863-b8f1-4382-866f-63d7a2d4fae3.png?v=20160209.1158
1,55 €
2,35 € / kg

Rohelised herned BONDUELLE 800g
https://www.e-maxima.ee/SiteImages/Inventory/a/3/f/a3f3c812-8066-4156-a53b-83358612536d.png?v=20160209.1158
2,09 €
2,61 € / kg

Kons. herned BONDUELLE 400g
https://www.e-maxima.ee/SiteImages/Inventory/d/c/9/dc9bdc6c-b186-4434-8210-2b4a8c1443b2.png?v=20160209.1158
0,95 €
2,38 € / kg

Konserveer.roheline hernes GLOBUS 400g
https://www.e-maxima.ee/SiteImages/Inventory/7/6/0/760b3d25-cc8f-428b-9d7b-f6f967bb5b3c.png?v=20160209.1158
0,59 €
1,48 € / kg

Konservherned GLOBUS 660g
https://www.e-maxima.ee/SiteImages/Inventory/d/3/9/d3959af3-3251-4ca7-8af2-e99f1220b698.png?v=20160209.1158
1,35 €
2,05 € / kg

Kons. herned BONDUELLE Extra Fine 200g
https://www.e-maxima.ee/SiteImages/Inventory/1/c/6/1c607a65-27a9-4d38-9d2e-ed76ed4e10b2.png?v=20160209.1158
0,65 €
3,25 € / kg

Konsev.mais BONDUELLE 670g
https://www.e-maxima.ee/SiteImages/Inventory/3/2/5/325dbf75-cabe-433c-8e73-4aea1f250a32.png?v=20160209.1158
2,09 €
3,12 € / kg

Konserveeritud mais Gold BONDUELLE 170g
https://www.e-maxima.ee/SiteImages/Inventory/3/0/5/3051efab-d0d4-43f0-9c8c-929fa0ac144a.png?v=20160209.1158
0,65 €
3,82 € / kg

Punane uba Kidney BONDUELLE 400g
https://www.e-maxima.ee/SiteImages/Inventory/4/8/2/4825e17d-b24d-4f2e-8855-7c8500e53e29.png?v=20160209.1158
1,19 €
2,98 € / kg

Valged oad tomatikastmes BONDUELLE 430g
https://www.e-maxima.ee/SiteImages/Inventory/c/d/4/cd47d6a3-f38c-4a9f-887e-6c671a33fa70.png?v=20160209.1158
1,39 €
3,23 € / kg

Aedoad tomatikastmes SALVEST 530g
https://www.e-maxima.ee/SiteImages/Inventory/a/9/5/a95d5d0e-f9ae-4419-81fb-a92bab12bf14.png?v=20160209.1158
1,75 €
3,30 € / kg

Kons. dehüdreeritud herned LA PALMA 400g
https://www.e-maxima.ee/SiteImages/Inventory/1/5/a/15a11c8c-d885-415e-a0b5-98326649aa07.png?v=20160209.1158
0,45 €
1,13 € / kg

Mais BONDUELLE 340g
https://www.e-maxima.ee/SiteImages/Inventory/7/5/4/75440682-3956-456a-ac1f-203723dda535.png?v=20160209.1158
0,91 €
2,68 € / kg

Kons.magus mais OPTIMA LINIJA 400g
https://www.e-maxima.ee/SiteImages/Inventory/b/5/8/b58a96da-5cb8-4515-b410-3774b9a16899.png?v=20160209.1158
0,55 €
1,38 € / kg

Konservherned MAXIMA FAVORIT 420g
https://www.e-maxima.ee/SiteImages/Inventory/9/0/f/90fe5905-3e39-4af2-81a4-9af7e73c5e93.png?v=20160209.1158
0,69 €
1,64 € / kg

Konservherned MAXIMA FAVORIT 660g
https://www.e-maxima.ee/SiteImages/Inventory/2/0/5/20526e98-d443-4954-9163-86c2c01aa682.png?v=20160209.1158
1,30 €
1,97 € / kg

Konserveeritud mais FAVORIT 425ml/340g
https://www.e-maxima.ee/SiteImages/Inventory/8/e/e/8eece7ae-bf5a-4024-8d97-72a28c71994f.png?v=20160209.1158
0,79 €
2,32 € / kg

Kon.praet.oad tom.kas.MAXIMA Favorit400g
https://www.e-maxima.ee/SiteImages/Inventory/e/7/7/e77fa981-9363-4afb-91b2-babd33e899e2.png?v=20160209.1158
0,59 €
1,48 € / kg

Kons.kuningl.oad MAXIMA Favorit 400g
https://www.e-maxima.ee/SiteImages/Inventory/f/3/9/f39368e8-1223-43b3-93ec-603856aa3a30.png?v=20160209.1158
0,59 €
1,48 € / kg

Roheline hernes SALVEST 690g
https://www.e-maxima.ee/SiteImages/Inventory/d/7/1/d7146400-8a37-4eb8-ad8e-9249ade7c1b5.png?v=20160209.1158
1,19 €
1,72 € / kg

Konserv.valged oad EXTRA LINE 400g
https://www.e-maxima.ee/SiteImages/Inventory/e/0/2/e02612bc-9c9f-4a13-933b-3f7bbc3ad5a4.png?v=20160209.1158
0,51 €
1,28 € / kg

Konserv.punased oad EXTRA LINE 400g
https://www.e-maxima.ee/SiteImages/Inventory/6/8/8/6882a025-e690-498f-9bb3-6fc1ceee931c.png?v=20160209.1158
0,58 €
1,45 € / kg

Konserv.herned FAVORIT 212ml/200g
https://www.e-maxima.ee/SiteImages/Inventory/c/0/c/c0c5e0c9-5717-413e-bd26-ecc7d52689c6.png?v=20160209.1158
0,56 €
2,80 € / kg

Kikerherned CIRIO 400g
https://www.e-maxima.ee/SiteImages/Inventory/f/0/2/f023fc97-26eb-4045-8e6e-483a171a9dd5.png?v=20160209.1158
1,15 €
2,88 € / kg

Maitselt mahe mais SALVEST 150g
https://www.e-maxima.ee/SiteImages/Inventory/9/a/8/9a81d774-aed6-4fac-b3f3-87fc7b9d76ba.png?v=20160209.1158
0,79 €
5,27 € / kg

Aurutatud läätsed vapeur BONDUELLE 310g
https://www.e-maxima.ee/SiteImages/Inventory/0/3/7/0375c4c3-860d-481f-8b40-d45095c1a931.png?v=20160209.1158
1,39 €
4,48 € / kg

Aurutatud pun.oad vapeur BONDUELLE 310g
https://www.e-maxima.ee/SiteImages/Inventory/3/a/a/3aa7dda6-911b-49a8-843c-a72cf6dc030b.png?v=20160209.1158
1,39 €
4,48 € / kg

Roh.oliivid sidrun.MAESTRO DE OLIVA 300g
https://www.e-maxima.ee/SiteImages/Inventory/5/7/2/572b9bd8-53d5-44e4-924d-9e2619fdf879.png?v=20160209.1158
0,99 €
3,30 € / kg

Roh.oliivid krevetitäidis. MAESTRO 300g
https://www.e-maxima.ee/SiteImages/Inventory/e/a/b/eabaaddf-7454-4d6c-8e88-254a2e3ccb9b.png?v=20160209.1158
0,99 €
3,30 € / kg

Roh. oliivid lõhegaMAESTRO DE OLIVA 300g
https://www.e-maxima.ee/SiteImages/Inventory/9/5/b/95bea223-23f1-48a3-b886-c4e519ed0b9a.png?v=20160209.1158
0,99 €
3,30 € / kg

Roh.oliivid kurgigaMAESTRO DE OLIVA 300g
https://www.e-maxima.ee/SiteImages/Inventory/7/6/b/76bb8145-4099-4681-a139-ca5091b2f58a.png?v=20160209.1158
1,35 €
4,50 € / kg

Must.kiv-ta oliividMAESTRO DE OLIVA 360g
https://www.e-maxima.ee/SiteImages/Inventory/3/e/2/3e2f3186-6a07-4c43-a36e-43def664cae7.png?v=20160209.1158
0,99 €
2,75 € / kg

Roh.kiv-ta oliivid MAESTRO DE OLIVA 300g
https://www.e-maxima.ee/SiteImages/Inventory/d/c/b/dcbcc87b-0876-42e1-9b6d-3126f7d64a4e.png?v=20160209.1158
0,99 €
3,30 € / kg

Kons.rohel.kivideta oliivid SELIA 370g
https://www.e-maxima.ee/SiteImages/Inventory/d/f/6/df644dfa-bc5f-4218-bf1c-024cf2b4e12a.png?v=20160209.1158
1,55 €
4,19 € / kg

Kons.rohel.kividega oliivid SELIA 310g
https://www.e-maxima.ee/SiteImages/Inventory/c/4/3/c43db1df-a47e-4b1e-a282-3b5d19322870.png?v=20160209.1158
1,35 €
4,35 € / kg

Kons.mustad kivideta oliivid SELIA 310g
https://www.e-maxima.ee/SiteImages/Inventory/8/1/a/81ab7723-8a4d-4c99-87ea-a98dc81d2961.png?v=20160209.1158
1,45 €
4,68 € / kg

Roh.kiv-ta oliivid MAESTRO DE OLIVA 175g
https://www.e-maxima.ee/SiteImages/Inventory/1/4/8/148d0024-ade0-4d8f-ae29-4b1f5f85965f.png?v=20160209.1158
0,51 €
2,91 € / kg

Roh.kiv-ga oliivid MAESTRO DE OLIVA 190g
https://www.e-maxima.ee/SiteImages/Inventory/8/0/d/80dbcaac-0534-45aa-a7c9-86f435148bf5.png?v=20160209.1158
0,51 €
2,68 € / kg

Rohel.oliivid, täidetud mandl.SELIA 370g
https://www.e-maxima.ee/SiteImages/Inventory/1/8/4/184eb87b-cc5b-49c7-a9cb-6058f16a85c8.png?v=20160209.1158
2,09 €
5,65 € / kg

Kalamata oliivid kiv-ga SELIA 370g
https://www.e-maxima.ee/SiteImages/Inventory/6/8/6/68692257-5a4b-415f-aec5-c683846add7d.png?v=20160209.1158
1,89 €
5,11 € / kg

Roh.krevetitäidis.oliivid OL&#39;MAR 280g
https://www.e-maxima.ee/SiteImages/Inventory/5/f/5/5f5ccda1-4544-46fb-9d17-1c61943fe4bc.png?v=20160209.1158
0,81 €
2,89 € / kg

Rohelised sidruniga oliivid OL&#39;MAR 280g
https://www.e-maxima.ee/SiteImages/Inventory/8/c/2/8c2f21b4-d754-4124-93c4-f19124597fb3.png?v=20160209.1158
0,81 €
2,89 € / kg

Rohelised p.pipraga oliivid OL&#39;MAR 280g
https://www.e-maxima.ee/SiteImages/Inventory/d/3/c/d3c2b8c1-0ef3-478f-8493-32cb0056a43f.png?v=20160209.1158
0,81 €
2,89 € / kg

Rohelised kivideta oliivid OL&#39;MAR 280g
https://www.e-maxima.ee/SiteImages/Inventory/0/e/6/0e668fcd-5e20-4cc0-a87a-8e718eefde0c.png?v=20160209.1158
0,81 €
2,89 € / kg

Mustad kivideta oliivid OL&#39;MAR 450g
https://www.e-maxima.ee/SiteImages/Inventory/a/3/d/a3d12c67-7b24-4ba0-9d9c-d2aff411116b.png?v=20160209.1158
1,09 €
2,42 € / kg

Mustad kividega oliivid OL&#39;MAR 225g
https://www.e-maxima.ee/SiteImages/Inventory/4/d/b/4dbedec2-9440-4813-b4ad-0757116939b1.png?v=20160209.1158
0,85 €
3,78 € / kg

Rohelised kivideta oliivid OL&#39;MAR 450g
https://www.e-maxima.ee/SiteImages/Inventory/4/a/5/4a5d57de-f69c-4c33-87ce-17f3d411f6d0.png?v=20160209.1158
1,09 €
2,42 € / kg

Rohelised kividega oliivid OL&#39;MAR 225g
https://www.e-maxima.ee/SiteImages/Inventory/a/7/5/a750fc9d-a138-48b7-ae0b-a7b55530ab2c.png?v=20160209.1158
0,85 €
3,78 € / kg

Marineeritud maisitõlvikud LORADO 340g
https://www.e-maxima.ee/SiteImages/Inventory/f/1/3/f13a2a40-a1fd-4d42-b5f0-56f492440340.png?v=20160209.1158
1,49 €
4,38 € / kg

Praekapsas SALVEST 900g
https://www.e-maxima.ee/SiteImages/Inventory/5/e/9/5e9671bd-bc3d-43bc-9a41-a02c1becea2e.png?v=20160209.1158
2,19 €
2,43 € / kg

Mulgi kapsad SALVEST 530g
https://www.e-maxima.ee/SiteImages/Inventory/e/c/f/ecf5670d-a422-40e4-81a5-64bd6b14bbf6.png?v=20160209.1158
2,09 €
3,94 € / kg

Praekapsas SALVEST 530g
https://www.e-maxima.ee/SiteImages/Inventory/6/3/1/63177b34-55f6-4f29-abf6-6d30a228c0f1.png?v=20160209.1158
1,69 €
3,19 € / kg

Baklažaanid juurviljadega STORKO 540g
https://www.e-maxima.ee/SiteImages/Inventory/2/9/2/29208053-9968-4045-b8cf-45a6b11b06d4.png?v=20160209.1158
1,25 €
2,31 € / kg

Baklažaanid kodused STORKO 540g
https://www.e-maxima.ee/SiteImages/Inventory/7/f/7/7f783702-9646-4921-9dc7-e4932082fe1b.png?v=20160209.1158
1,25 €
2,31 € / kg

Baklažaanid adžikas STORKO 540g
https://www.e-maxima.ee/SiteImages/Inventory/4/1/2/412371a7-3744-48a1-975b-01c6b28c7908.png?v=20160209.1158
1,25 €
2,31 € / kg

Mulgi kapsad SALVEST 900g
https://www.e-maxima.ee/SiteImages/Inventory/7/6/1/7618d947-7074-41ca-be65-974269b2f12c.png?v=20160209.1158
2,29 €
2,54 € / kg

Baklažaanid tomatikastmes STORKO 540g
https://www.e-maxima.ee/SiteImages/Inventory/c/f/7/cf7b0e66-33b2-42d6-84ff-15f159547fcd.png?v=20160209.1158
1,25 €
2,31 € / kg

Kons.mais ja hernes Gold BONDUELLE 340g
https://www.e-maxima.ee/SiteImages/Inventory/3/f/e/3feb5d3f-8132-4a77-8dfc-11a239ef2828.png?v=20160209.1158
0,99 €
2,91 € / kg

Sibulad GREENHOUSE 320g
https://www.e-maxima.ee/SiteImages/Inventory/d/0/4/d04af627-c5d6-46c3-9a9a-bfbdc6bddb04.png?v=20160209.1158
1,04 €
3,25 € / kg

Praekapsas porgandiga SALVEST 530g
https://www.e-maxima.ee/SiteImages/Inventory/d/e/f/def0a0d5-1290-48bc-b979-26abe1aca84f.png?v=20160209.1158
1,49 €
2,81 € / kg

Pun.papr.juustutäidis.SAPORI DEI MON280g
https://www.e-maxima.ee/SiteImages/Inventory/1/c/6/1c63b304-f86e-4250-ae40-8db53801ba5d.png?v=20160209.1158
3,05 €
10,89 € / kg

Roh.papr.juustutäidis.SAPORI DEI MON280g
https://www.e-maxima.ee/SiteImages/Inventory/4/6/8/468b75a3-a09d-47fb-92c9-e856435d7e29.png?v=20160209.1158
3,29 €
11,75 € / kg

Küüslaugud ürt.päevalilleõl.CITRES 290g
https://www.e-maxima.ee/SiteImages/Inventory/a/0/b/a0bc249e-80d4-4afd-9734-f7d86996db30.png?v=20160209.1158
2,85 €
9,83 € / kg

Konserveeritud kapparid BOUTON D&#39;OR 200g
https://www.e-maxima.ee/SiteImages/Inventory/b/d/0/bd04d008-e6cd-47ef-bb55-383af134b1a8.png?v=20160209.1158
1,33 €
6,65 € / kg

Praekapsas porgandiga SALVEST 900g
https://www.e-maxima.ee/SiteImages/Inventory/4/f/2/4f296d02-7f2b-41e6-b2cf-8af2f00801a2.png?v=20160209.1158
2,30 €
2,56 € / kg

Praekapsas Põlts.kuldsegaPÕLTSAMAA 820g
https://www.e-maxima.ee/SiteImages/Inventory/c/4/d/c4d40e31-088b-44e2-b353-2926ba14a886.png?v=20160209.1158
2,49 €
3,04 € / kg

Mulgikapsas sealihaga PÕLTSAMAA 520g
https://www.e-maxima.ee/SiteImages/Inventory/0/1/4/014443e9-62f1-43bc-a843-24961fb00a52.png?v=20160209.1158
1,99 €
3,83 € / kg

Praekapsas PÕLTSAMAA 820g
https://www.e-maxima.ee/SiteImages/Inventory/1/2/2/1227a3b5-6058-44a3-8f3a-ebd8691737dd.png?v=20160209.1158
1,95 €
2,38 € / kg

Marin.šampinjonid tilliga BONDUELLE 280g
https://www.e-maxima.ee/SiteImages/Inventory/f/3/a/f3a63a53-e06c-472e-9975-ce32ff63b80c.png?v=20160209.1158
1,50 €
5,36 € / kg

Kännuseened soolas.vees LUTIK 530g
https://www.e-maxima.ee/SiteImages/Inventory/1/a/c/1ac523c1-453e-48e5-93c5-5c7fc663ece3.png?v=20160209.1158
2,39 €
4,51 € / kg

Šampinjonilõigud sool.vees MAA KODU 400g
https://www.e-maxima.ee/SiteImages/Inventory/1/2/9/129e3e3c-c5b1-421a-a313-926459699d19.png?v=20160209.1158
1,19 €
2,98 € / kg

Shiitake soolvees LUTIK 530g
https://www.e-maxima.ee/SiteImages/Inventory/4/d/f/4dffddf0-055d-45b6-8b51-6b8103656183.png?v=20160209.1158
1,69 €
3,19 € / kg

Marin.šampin.MAXIMA FAVORIT terved 500g
https://www.e-maxima.ee/SiteImages/Inventory/8/2/4/8248bd19-c2e3-4f3a-a897-7ca1dc9677d8.png?v=20160209.1158
1,99 €
3,98 € / kg

Šamp.omas mahl.MAXIMA FAVORITtükeld.500g
https://www.e-maxima.ee/SiteImages/Inventory/f/1/e/f1e9608d-81d4-4061-a8f3-acf6ee2bbcf7.png?v=20160209.1158
1,89 €
3,78 € / kg

Šamp.omas mahl.MAXIMA FAVORIT terved460g
https://www.e-maxima.ee/SiteImages/Inventory/c/c/d/ccd9f3e3-e6bd-4e6b-bce2-7a2ef717c7ba.png?v=20160209.1158
1,99 €
4,33 € / kg

Kons.mangolõig.suhkurd.HAPPY GARDEN 425g
https://www.e-maxima.ee/SiteImages/Inventory/a/d/d/add67f58-f055-4ea9-9c3e-a51129fcf942.png?v=20160209.1158
1,16 €
2,73 € / kg

Kons.virsikupoolikud EXTRA LINE 820g
https://www.e-maxima.ee/SiteImages/Inventory/1/d/8/1d80ebb5-ca58-4570-aa8f-188eac6ec068.png?v=20160209.1158
1,15 €
1,40 € / kg

Murelikompott kivideta MINU 680g
https://www.e-maxima.ee/SiteImages/Inventory/e/d/c/edc9449b-f1d5-4fde-8cd8-4c6cd9c17341.png?v=20160209.1158
1,99 €
2,93 € / kg

Kons.kivideta kirsid EXTRA LINE 700g
https://www.e-maxima.ee/SiteImages/Inventory/6/8/0/68084438-01f3-4357-a07f-cdb015c70fb1.png?v=20160209.1158
1,65 €
2,36 € / kg

Maasikamoos 440g MEIE MARI
https://www.e-maxima.ee/SiteImages/Inventory/5/7/e/57ea598f-cd5c-417c-b00b-db6fdbb48a7b.png?v=20160209.1158
2,45 €
5,57 € / kg

Vaarikamoos MEIE MARI 440g
https://www.e-maxima.ee/SiteImages/Inventory/4/a/6/4a61e3b3-1332-4754-9e61-5f62a9dbfb50.png?v=20160209.1158
2,45 €
5,57 € / kg

Mustikamoos 440g MEIE MARI
https://www.e-maxima.ee/SiteImages/Inventory/0/1/5/015f7d8c-96df-4c3a-93d7-a574984644eb.png?v=20160209.1158
2,69 €
6,11 € / kg

Jõhvikatoormoos MEIE MARI 440g
https://www.e-maxima.ee/SiteImages/Inventory/5/f/7/5f7329fc-f317-4110-9981-5936766f8374.png?v=20160209.1158
2,85 €
6,48 € / kg

Pohlamoos MEIE MARI 440g
https://www.e-maxima.ee/SiteImages/Inventory/3/7/a/37a4685a-9334-4487-97b3-ced5fe5f7793.png?v=20160209.1158
2,49 €
5,66 € / kg

Pannkoogimoos MEIE MARI 440g
https://www.e-maxima.ee/SiteImages/Inventory/4/0/7/4070fb5e-e9e3-415a-90bd-6e7d96b9e667.png?v=20160209.1158
1,75 €
3,98 € / kg

Vaarika-mustsõstramoos MEIE MARI 440g
https://www.e-maxima.ee/SiteImages/Inventory/4/f/0/4f0bd586-ab11-4f37-a512-46069dff1f08.png?v=20160209.1158
2,49 €
5,66 € / kg

Kirsimoos 440g MEIE MARI
https://www.e-maxima.ee/SiteImages/Inventory/5/3/6/536a0ea0-11dc-405d-8a21-db08eabaddcb.png?v=20160209.1158
2,55 €
5,80 € / kg

Murakamoos 440g MEIE MARI
https://www.e-maxima.ee/SiteImages/Inventory/9/3/6/936252b4-b0b4-447a-97f0-be3ae59e1e28.png?v=20160209.1158
8,69 €
19,75 € / kg

Mustikamoos FAVORIT 340g
https://www.e-maxima.ee/SiteImages/Inventory/0/c/1/0c1a28c8-d652-42af-ac3d-ceef36f66a6e.png?v=20160209.1158
1,99 €
5,85 € / kg

Vaarikamoos FAVORIT 340g
https://www.e-maxima.ee/SiteImages/Inventory/e/1/7/e174131e-24c6-41c1-9a52-74c791145ca2.png?v=20160209.1158
1,55 €
4,56 € / kg

Maasikamoos PÕLTSAMAA pudelis 425g
https://www.e-maxima.ee/SiteImages/Inventory/4/4/3/44324f3f-7bb9-47cc-95c3-6187a23aad10.png?v=20160209.1158
2,45 €
5,76 € / kg

Vaarika-granaatõunamoos ST.DALFOUR 284g
https://www.e-maxima.ee/SiteImages/Inventory/7/5/3/753d6ca5-ee78-4247-9bd3-075910974814.png?v=20160209.1158
3,09 €
10,88 € / kg

Ananassi-mangomoos ST.DALFOUR 284g
https://www.e-maxima.ee/SiteImages/Inventory/7/1/4/71428f4d-d8cf-473c-8201-29b567d58e90.png?v=20160209.1158
3,09 €
10,88 € / kg

Ingveri-apelsinimoos ST.DALFOUR 284g
https://www.e-maxima.ee/SiteImages/Inventory/6/1/c/61c3d53b-3d25-4d7a-996c-e4d1ddcf2cee.png?v=20160209.1158
3,09 €
10,88 € / kg

Pohlamoos PÕLTSAMAA 390g
https://www.e-maxima.ee/SiteImages/Inventory/f/d/b/fdb3c418-d529-4026-a8a1-69f91c0bfe7e.png?v=20160209.1158
2,49 €
6,38 € / kg

Metsamarjamoos PÕLTSAMAA 430g
https://www.e-maxima.ee/SiteImages/Inventory/b/4/0/b40b36c8-07a5-4eaf-bd0c-3ff448261147.png?v=20160209.1158
2,45 €
5,70 € / kg

Maasikamoos PÕLTSAMAA 430g
https://www.e-maxima.ee/SiteImages/Inventory/e/8/b/e8b3a40a-a890-41b4-b44f-a3c5eba0fd06.png?v=20160209.1158
2,48 €
5,77 € / kg

Vaarikamoos PÕLTSAMAA 430g
https://www.e-maxima.ee/SiteImages/Inventory/9/3/f/93f16ffd-79d0-4c13-a821-c1f4ec00c5ad.png?v=20160209.1158
2,47 €
5,74 € / kg

Aprikoosimoos PÕLTSAMAA 430g
https://www.e-maxima.ee/SiteImages/Inventory/e/e/e/eee73250-89da-4924-a194-ac22c39d2b7c.png?v=20160209.1158
2,47 €
5,74 € / kg

Mustasõstramoos PÕLTSAMAA 430g
https://www.e-maxima.ee/SiteImages/Inventory/a/4/4/a44de8b7-a794-4b84-89ee-f399d7a42729.png?v=20160209.1158
2,19 €
5,09 € / kg

Pohlamoos PÕLTSAMAA pudelis 420g
https://www.e-maxima.ee/SiteImages/Inventory/b/d/4/bd413e83-96b4-4bdf-8cb9-1234b9d6b776.png?v=20160209.1158
2,60 €
6,19 € / kg

Kirsimoos FAVORIT 340g
https://www.e-maxima.ee/SiteImages/Inventory/c/4/a/c4a23d70-e7ec-4a84-9057-7b4f04ee0d1b.png?v=20160209.1158
2,09 €
6,15 € / kg

Mustasõstramoos FAVORIT 340g
https://www.e-maxima.ee/SiteImages/Inventory/5/c/d/5cd56fba-cf49-498d-ab14-58438d667822.png?v=20160209.1158
1,55 €
4,56 € / kg

Virsikumoos FAVORIT 280g
https://www.e-maxima.ee/SiteImages/Inventory/5/1/6/516dd701-a03f-4247-a657-54e0d21fd47c.png?v=20160209.1158
1,29 €
4,61 € / kg

Mustikamoos FAVORIT 280g
https://www.e-maxima.ee/SiteImages/Inventory/d/9/9/d997eff4-7041-4c07-85e7-33d5aab8dd23.png?v=20160209.1158
1,59 €
5,68 € / kg

Vaarikamoos FAVORIT 280g
https://www.e-maxima.ee/SiteImages/Inventory/a/a/c/aacbb858-7a2f-4948-a4b4-67ac42b2baca.png?v=20160209.1158
1,19 €
4,25 € / kg

Maasikamoos FAVORIT 280g
https://www.e-maxima.ee/SiteImages/Inventory/d/9/a/d9a45e0d-ba2f-4c1c-82d1-54e19bccbb54.png?v=20160209.1158
1,09 €
3,89 € / kg

Kirsimoos FAVORIT 280g
https://www.e-maxima.ee/SiteImages/Inventory/7/b/1/7b181fb3-242b-4a8c-8fef-edff18162812.png?v=20160209.1158
1,29 €
4,61 € / kg

Mustasõstramoos FAVORIT 280g
https://www.e-maxima.ee/SiteImages/Inventory/b/4/f/b4f3356e-986a-40e5-97a0-9ccdcb305307.png?v=20160209.1158
1,29 €
4,61 € / kg

Mustasõstramoos EXTRA LINE 260g
https://www.e-maxima.ee/SiteImages/Inventory/1/0/f/10fc1ac2-3292-4747-b8b1-363784b33c4a.png?v=20160209.1158
0,75 €
2,88 € / kg

Metsamarjamoos EXTRA LINE 260g
https://www.e-maxima.ee/SiteImages/Inventory/e/6/0/e600cbf9-12da-4cfe-8c0e-f14f0ac48402.png?v=20160209.1158
0,75 €
2,88 € / kg

Maasikamoos EXTRA LINE 260g
https://www.e-maxima.ee/SiteImages/Inventory/a/8/7/a87abab0-a62f-4176-827d-13ec65baed4c.png?v=20160209.1158
0,75 €
2,88 € / kg

Mitme puuvilja moos EXTRA LINE 260g
https://www.e-maxima.ee/SiteImages/Inventory/a/6/2/a624010e-f5af-4028-a2ae-2d983d62f138.png?v=20160209.1158
0,75 €
2,88 € / kg

Kirsimoos EXTRA LINE 260g
https://www.e-maxima.ee/SiteImages/Inventory/4/1/2/41259b35-5adf-4224-9ed9-efa8a63c369c.png?v=20160209.1158
0,75 €
2,88 € / kg

Õuna-jõhvikamoos MEIE MARI 440g
https://www.e-maxima.ee/SiteImages/Inventory/d/d/9/dd9333b4-5137-43e9-9a7c-8451f45badfe.png?v=20160209.1158
2,49 €
5,66 € / kg

Eesti õiemesi 500g
https://www.e-maxima.ee/SiteImages/Inventory/f/f/a/ffae8129-6828-4417-9664-c0b8b4be764b.png?v=20160209.1158
4,59 €
9,18 € / kg

Mesi MUMM 1kg (ämbris)
https://www.e-maxima.ee/SiteImages/Inventory/3/b/a/3bac9031-6f19-41cf-8de5-36ff4da32df7.png?v=20160209.1158
7,99 €
7,99 € / kg

Mesi MAXIMA FAVORIT 370g
https://www.e-maxima.ee/SiteImages/Inventory/6/9/3/6933aa86-a2ac-4fee-beb2-00fb87fd4925.png?v=20160209.1158
1,95 €
5,27 € / kg

Mesi KORIO 1kg
https://www.e-maxima.ee/SiteImages/Inventory/5/6/5/565e48af-ed22-491d-bebb-b03f44b18290.png?v=20160209.1158
5,99 €
5,99 € / kg

Õiemesi MAXIMA FAVORIT 700g
https://www.e-maxima.ee/SiteImages/Inventory/9/7/2/972027ed-4432-4161-be29-8457495ac663.png?v=20160209.1158
2,59 €
3,70 € / kg

Ukraina õiemesi 900g
https://www.e-maxima.ee/SiteImages/Inventory/4/8/a/48abaa0a-486d-4eb8-930b-f5716e1e60bf.png?v=20160209.1158
6,50 €
7,22 € / kg

Meremari must Kriskal, 113g
https://www.e-maxima.ee/SiteImages/Inventory/9/a/3/9a399ded-4ea4-4448-a4ec-0b815a778e37.png?v=20160209.1158
1,25 €
11,06 € / kg

Meremari punane Kriskal, 113g
https://www.e-maxima.ee/SiteImages/Inventory/4/3/8/43894638-0368-4bb7-9fa6-680d11ea496c.png?v=20160209.1158
1,25 €
11,06 € / kg

Kaviar Kalles Abba, 190g
https://www.e-maxima.ee/SiteImages/Inventory/0/5/5/055e52be-92e5-4bb4-8ff4-256ac81191f7.png?v=20160209.1158
2,42 €
12,74 € / kg

Lõhepasteet Abba,145g
https://www.e-maxima.ee/SiteImages/Inventory/1/5/5/155cac16-b1fb-4ccf-9c95-5b2ebf0e5865.png?v=20160209.1158
1,59 €
10,97 € / kg

Gorbuušamari, 140g
https://www.e-maxima.ee/SiteImages/Inventory/f/4/3/f431282f-a596-4b7c-85b0-8ab049d9cbc9.png?v=20160209.1158
4,99 €
35,64 € / kg

Jahutatud Gorbuušamari, kg-lett
https://www.e-maxima.ee/SiteImages/Inventory/f/3/e/f3e5b69e-96ea-4083-9399-d214056b4457.png?v=20160209.1158
49,90 €
49,90 € / kg

Forellimari LEMBERG,120g
https://www.e-maxima.ee/SiteImages/Inventory/7/3/4/73410702-299b-4362-8818-ebbf5c7780f9.png?v=20160209.1158
4,49 €
37,42 € / kg

Skumbria õlis, 240g
https://www.e-maxima.ee/SiteImages/Inventory/7/5/a/75a4a7ac-ca23-4552-bbd9-03eb5f9e41f5.png?v=20160209.1158
0,79 €
3,29 € / kg

Tuunikala ,purustatud soolvees ,185g
https://www.e-maxima.ee/SiteImages/Inventory/7/e/5/7e5d5173-a335-4672-a20c-4783b7216532.png?v=20160209.1158
0,89 €
4,81 € / kg

Tuunikala, purustatud taimeõlis, 185g
https://www.e-maxima.ee/SiteImages/Inventory/4/d/1/4d1f9f7a-60fc-4e9f-8246-87a82d6acb62.png?v=20160209.1158
0,89 €
4,81 € / kg

Sprotid õlis Rigas Dzintars, 240g
https://www.e-maxima.ee/SiteImages/Inventory/4/a/b/4ab493ae-981e-4239-8041-ebeb623721b6.png?v=20160209.1158
1,39 €
5,79 € / kg

Skumbriafilee tomatikastmes, 190g
https://www.e-maxima.ee/SiteImages/Inventory/6/8/3/683da18c-c321-4d1c-9970-9a1472b2fee3.png?v=20160209.1158
1,39 €
7,32 € / kg

Tuunikala suured tükid soolvees,185g
https://www.e-maxima.ee/SiteImages/Inventory/8/8/3/8839db11-d18c-4a05-a464-0f330ac0f634.png?v=20160209.1158
1,39 €
7,51 € / kg

Tuunikala suured tükid õlis, 185g
https://www.e-maxima.ee/SiteImages/Inventory/6/7/f/67f6ebcf-8184-442b-86d0-4677c5bf2fbf.png?v=20160209.1158
1,39 €
7,51 € / kg

Tursamaks naturaalne, 230g
https://www.e-maxima.ee/SiteImages/Inventory/8/b/6/8b667382-ac61-4812-bd1d-b859d97c2cde.png?v=20160209.1158
2,35 €
10,22 € / kg

Sprotid õlis OCEAN, 240g
https://www.e-maxima.ee/SiteImages/Inventory/9/8/4/9849eb31-6e0f-4ed6-9fa9-7ee40a7c63df.png?v=20160209.1158
0,99 €
4,13 € / kg

Sprotipasteet GAMMA, 240g
https://www.e-maxima.ee/SiteImages/Inventory/3/9/1/3918c210-8f35-46ab-820e-1a5b6eae81d5.png?v=20160209.1158
0,64 €
2,67 € / kg

Tuunikala tükid omas mahl John West 185g
https://www.e-maxima.ee/SiteImages/Inventory/4/3/a/43a2f52a-511e-400b-8114-475d4f9619ab.png?v=20160209.1158
2,17 €
11,73 € / kg

Tuunikala tükid õlis John West 185g
https://www.e-maxima.ee/SiteImages/Inventory/5/3/b/53b0f526-9de1-4828-91de-1478b0211d09.png?v=20160209.1158
2,17 €
11,73 € / kg

Tuunikalasteik omas mahlas 200g
https://www.e-maxima.ee/SiteImages/Inventory/a/2/4/a24a7273-3652-4e23-8d54-13c0aa079a8b.png?v=20160209.1158
2,29 €
11,45 € / kg

Skumbria õlis 250g
https://www.e-maxima.ee/SiteImages/Inventory/1/b/0/1b09e6e6-fb98-4898-9ddf-fea3c3ab5ac9.png?v=20160209.1158
1,15 €
4,60 € / kg

Kuninglik Kalmaar, 240g
https://www.e-maxima.ee/SiteImages/Inventory/1/a/c/1ace788a-aaca-490d-92af-5fc31b883635.png?v=20160209.1158
1,39 €
5,79 € / kg

Vaikse ookeani saira, 250g
https://www.e-maxima.ee/SiteImages/Inventory/1/e/3/1e367e41-8c17-4a71-b673-e326baa16a9a.png?v=20160209.1158
1,69 €
6,76 € / kg

Vaikse ookeani saira õlis, 250g
https://www.e-maxima.ee/SiteImages/Inventory/c/7/d/c7d08765-9649-4d23-a130-989b39ee9aa7.png?v=20160209.1158
1,69 €
6,76 € / kg

Sprotid õlis FAVORIT, 240g
https://www.e-maxima.ee/SiteImages/Inventory/4/b/5/4b5a3ceb-be8b-4181-9bcb-81d4740ee302.png?v=20160209.1158
1,29 €
5,38 € / kg

Skumbria õlis OCEAN, 240g
https://www.e-maxima.ee/SiteImages/Inventory/5/3/f/53fe26ad-bf74-4a11-9622-93eced190d8f.png?v=20160209.1158
0,89 €
3,71 € / kg

Skumbria omas mahlas OCEAN, 240g
https://www.e-maxima.ee/SiteImages/Inventory/a/a/8/aa8baf02-296a-4b7b-bb7b-2665d0cf8874.png?v=20160209.1158
0,89 €
3,71 € / kg

Skumbria tomatikastmes OCEAN, 240g
https://www.e-maxima.ee/SiteImages/Inventory/0/c/0/0c0c3ea4-3ddc-41ec-a4fa-1d14ee1d4532.png?v=20160209.1158
0,89 €
3,71 € / kg

Skumbriafilee olis FAVORIT, 190g
https://www.e-maxima.ee/SiteImages/Inventory/a/8/0/a807c795-fdba-4c41-bb08-53fd9bf82170.png?v=20160209.1158
1,29 €
6,79 € / kg

Skumbriafilee tomatikastmes FAVORIT,190g
https://www.e-maxima.ee/SiteImages/Inventory/e/a/e/eae64108-9b65-421c-9224-fd77bc88524d.png?v=20160209.1158
1,29 €
6,79 € / kg

Sprotid õlis 190g
https://www.e-maxima.ee/SiteImages/Inventory/0/1/b/01bf21aa-f6f0-4dd4-8053-e3ca82605d2d.png?v=20160209.1158
1,29 €
6,79 € / kg

Praetud Balti kilud tomatikastmes 230g
https://www.e-maxima.ee/SiteImages/Inventory/7/2/3/72399e5b-89ce-442d-98b7-e360b8ee211b.png?v=20160209.1158
0,89 €
3,87 € / kg

Praet. balt kil. tomat. Tšillipipr. 230G
https://www.e-maxima.ee/SiteImages/Inventory/9/1/b/91b9af79-139f-4551-b17d-65fe6e1bb455.png?v=20160209.1158
0,89 €
3,87 € / kg

Balti kilud tomatikastmes 250g
https://www.e-maxima.ee/SiteImages/Inventory/b/8/7/b87304be-4f0e-44b9-9bb7-76877937be57.png?v=20160209.1158
0,60 €
2,40 € / kg

Lõhe omas mahlas 230g
https://www.e-maxima.ee/SiteImages/Inventory/8/7/6/8766dbc2-09c2-4be2-90f3-72ca1c0364a1.png?v=20160209.1158
1,95 €
8,48 € / kg

Praetud mudillased tomatikastmes,240g
https://www.e-maxima.ee/SiteImages/Inventory/f/b/4/fb4c480a-546d-4839-a855-5a361ff6a506.png?v=20160209.1158
1,19 €
4,96 € / kg

Kanasupp nuudlitega PODRAVKA 62g
https://www.e-maxima.ee/SiteImages/Inventory/2/6/8/268a71f2-0f7c-4877-80c1-a35a9c31a3b0.png?v=20160209.1158
0,55 €
8,87 € / kg

Kana-tähesupp PODRAVKA 52g
https://www.e-maxima.ee/SiteImages/Inventory/a/4/2/a42140ad-4f9b-410f-84cd-119deb511f1f.png?v=20160209.1158
0,59 €
11,35 € / kg

Kana-kiirsupp  Family MAGGI 130g
https://www.e-maxima.ee/SiteImages/Inventory/1/f/0/1f01b699-f94d-46a5-9b77-76f1e18bea3e.png?v=20160209.1158
0,95 €
7,31 € / kg

Selge kanasupp nuudlitega MAGGI 50g
https://www.e-maxima.ee/SiteImages/Inventory/1/f/5/1f50745b-9895-4555-914f-9b25718c489d.png?v=20160209.1158
0,53 €
10,60 € / kg

Tähestikusupp MAGGI 68g
https://www.e-maxima.ee/SiteImages/Inventory/d/8/a/d8a4355c-9a4f-497e-b06c-72b0159a800a.png?v=20160209.1158
0,63 €
9,26 € / kg

Kanapüree kiirsupp saiakuub. MAGGI 16g
https://www.e-maxima.ee/SiteImages/Inventory/b/b/8/bb8b6baa-f106-4b04-8643-ad1062844ffa.png?v=20160209.1158
0,33 €
20,63 € / kg

Kanakiirsupp nuudlitega MAGGI 14g
https://www.e-maxima.ee/SiteImages/Inventory/9/a/6/9a686c09-d012-479a-afc3-958b9a85b04a.png?v=20160209.1158
0,33 €
23,57 € / kg

Hernekiirsupp saiakuubikutega MAGGI 21g
https://www.e-maxima.ee/SiteImages/Inventory/b/9/b/b9b83626-ad29-486e-b0c1-c07183b5fc85.png?v=20160209.1158
0,36 €
17,14 € / kg

Tradits.kanasupp nuudlitega MAGGI, 55g
https://www.e-maxima.ee/SiteImages/Inventory/8/4/1/841e2067-9414-4189-bac8-3e68482ef62a.png?v=20160209.1158
0,49 €
8,91 € / kg

Tomati kiirsupp nuudlitega MAGGI 21g
https://www.e-maxima.ee/SiteImages/Inventory/b/d/4/bd40da87-d099-42ab-9f5c-6dfea84cab74.png?v=20160209.1158
0,36 €
17,14 € / kg

Juustusupp saiakuubikutega MAGGI, 19g
https://www.e-maxima.ee/SiteImages/Inventory/e/7/2/e729c99a-0071-41c6-88f8-b6b102303d96.png?v=20160209.1158
0,33 €
17,37 € / kg

Seenesupp MAGGI,69g
https://www.e-maxima.ee/SiteImages/Inventory/7/b/d/7bd19025-762b-463e-9d14-a4a333f6adf2.png?v=20160209.1158
0,95 €
13,77 € / kg

Juustusupp KNORR 19g
https://www.e-maxima.ee/SiteImages/Inventory/5/6/3/5630d0f8-9e2d-44f0-aea6-4bfd6ab4c769.png?v=20160209.1158
0,37 €
19,47 € / kg

Juustu-seenesupp KNORR 17g
https://www.e-maxima.ee/SiteImages/Inventory/2/5/4/254b2cc9-3b21-4f57-b6a2-7b78683b6aaa.png?v=20160209.1158
0,37 €
21,76 € / kg

Tomatipüreesupp KNORR 23g
https://www.e-maxima.ee/SiteImages/Inventory/e/8/5/e85cd7c9-2ff6-4952-b851-0fd15a035fdb.png?v=20160209.1158
0,37 €
16,09 € / kg

Šampinjonipüreesupp KNORR 15g
https://www.e-maxima.ee/SiteImages/Inventory/a/9/5/a95ff3d6-2aae-4fca-9558-f36a5108dcd6.png?v=20160209.1158
0,37 €
24,67 € / kg

Kanasupp nuudlitega KNORR 12g
https://www.e-maxima.ee/SiteImages/Inventory/e/d/1/ed1fdf54-a9c8-4294-b36a-9d1a600923fd.png?v=20160209.1158
0,37 €
30,83 € / kg

Puravikusupp KNORR 16g
https://www.e-maxima.ee/SiteImages/Inventory/d/8/8/d88c0450-dc11-4532-b372-ebcc5db68148.png?v=20160209.1158
0,37 €
23,13 € / kg

Kanapüreesupp KNORR 18g
https://www.e-maxima.ee/SiteImages/Inventory/0/6/d/06dc8fbf-a6c1-43d3-8920-25e1c6f78452.png?v=20160209.1158
0,37 €
20,56 € / kg

Seenekiirsupp saiakuubikutega MAGGI 16g
https://www.e-maxima.ee/SiteImages/Inventory/b/6/3/b63af6ab-902a-4b7d-bf6a-7ffed01eb27a.png?v=20160209.1158
0,36 €
22,50 € / kg

Šampinjoni-kiirsupp saiakuubik.MAGGI 14g
https://www.e-maxima.ee/SiteImages/Inventory/9/e/5/9e529771-0595-458a-b9e0-d3ad35cf2dfc.png?v=20160209.1158
0,33 €
23,57 € / kg

Tai supp pastaga MAGGI 16g
https://www.e-maxima.ee/SiteImages/Inventory/8/e/4/8e48c1c1-13a4-438b-b6dd-b36b990270ae.png?v=20160209.1158
0,36 €
22,50 € / kg

Vürtsikas kana-makaronisupp MAGGI 14g
https://www.e-maxima.ee/SiteImages/Inventory/2/b/5/2b501adc-99bc-4f75-a6bb-1daf254de816.png?v=20160209.1158
0,36 €
25,71 € / kg

Hapukapsaborš sealihaga SALVEST 530g
https://www.e-maxima.ee/SiteImages/Inventory/8/6/4/864d49a5-0ba9-44e3-b0db-902b88533da8.png?v=20160209.1158
1,95 €
3,68 € / kg

Põldoasupp sealihaga SALVEST 530g
https://www.e-maxima.ee/SiteImages/Inventory/2/a/f/2afe6ea4-79ce-4e98-8d15-a3e80fe00542.png?v=20160209.1158
2,05 €
3,87 € / kg

Hernesupp suitsulihaga SALVEST 530g
https://www.e-maxima.ee/SiteImages/Inventory/e/d/f/edf581a5-2294-4f03-abe7-a97a3d81fea2.png?v=20160209.1158
1,99 €
3,75 € / kg

Hapukapsaborš lihata SALVEST 530g
https://www.e-maxima.ee/SiteImages/Inventory/9/e/f/9ef5849f-4973-437e-990f-c6b50b3bab94.png?v=20160209.1158
1,79 €
3,38 € / kg

Hapukapsasupp sealihaga SALVEST 530g
https://www.e-maxima.ee/SiteImages/Inventory/7/e/8/7e8c2676-f5a7-4f83-8e45-9e41a0ad99d4.png?v=20160209.1158
2,05 €
3,87 € / kg

Hapukapsaborš veiselihaga SALVEST 530g
https://www.e-maxima.ee/SiteImages/Inventory/f/0/c/f0cdf15f-970b-4015-bcf3-be15505ca851.png?v=20160209.1158
1,95 €
3,68 € / kg

Rassolnik veiselihaga SALVEST 530g
https://www.e-maxima.ee/SiteImages/Inventory/5/9/a/59a733db-9fb8-4837-a0bc-52cbf60f8c1c.png?v=20160209.1158
1,95 €
3,68 € / kg

Värskekapsaborš lihata SALVEST 530g
https://www.e-maxima.ee/SiteImages/Inventory/e/f/7/ef79ea38-0121-4fa0-9741-6050650d8885.png?v=20160209.1158
1,85 €
3,49 € / kg

Seljanka SALVEST 530g
https://www.e-maxima.ee/SiteImages/Inventory/c/a/7/ca7730ee-a480-4a8e-875c-5b22169ee1f2.png?v=20160209.1158
2,95 €
5,57 € / kg

Rassolnik SALVEST 530g
https://www.e-maxima.ee/SiteImages/Inventory/1/0/a/10a9efcd-1678-4e9a-a2f4-df1db5e86bc5.png?v=20160209.1158
1,85 €
3,49 € / kg

Frikadellisupp SALVEST530g
https://www.e-maxima.ee/SiteImages/Inventory/a/1/7/a173849c-5835-4684-b96d-72af466c5c3b.png?v=20160209.1158
1,99 €
3,75 € / kg

Ukraina borš SALVEST530g
https://www.e-maxima.ee/SiteImages/Inventory/7/f/6/7f6940e0-626f-4864-9a7a-37f023f57c40.png?v=20160209.1158
2,25 €
4,25 € / kg

Hernesupp suitsulihaga PÕLTSAMAA 530g
https://www.e-maxima.ee/SiteImages/Inventory/a/2/a/a2acf187-12f8-4889-bf20-09749c4a7f1b.png?v=20160209.1158
2,09 €
3,94 € / kg

Hapukapsaborš 1 sealihaga PÕLTSAMAA 530g
https://www.e-maxima.ee/SiteImages/Inventory/1/6/0/16069954-b8eb-467e-b676-90ada7a15f38.png?v=20160209.1158
2,29 €
4,32 € / kg

Värskekapsaborš 3 veisel.PÕLTSAMAA 530g
https://www.e-maxima.ee/SiteImages/Inventory/e/8/4/e84e64ea-3b83-4701-acac-6455a8c6fa70.png?v=20160209.1158
2,29 €
4,32 € / kg

Seljanka lihata 3MIN 480g
https://www.e-maxima.ee/SiteImages/Inventory/c/9/9/c9953142-fefb-4dde-9f33-d23b48f0a203.png?v=20160209.1158
0,84 €
1,75 € / kg

Hapukapsaborš 3MIN 480g
https://www.e-maxima.ee/SiteImages/Inventory/1/c/a/1ca89b3c-4baf-4f4b-8baf-61453b3a7722.png?v=20160209.1158
0,84 €
1,75 € / kg

Hernesupp 3MIN 500g
https://www.e-maxima.ee/SiteImages/Inventory/1/b/f/1bf3b4af-3d70-45a2-9bb0-155dabb7cb76.png?v=20160209.1158
0,84 €
1,68 € / kg

Rassolnik 3MIN 500g
https://www.e-maxima.ee/SiteImages/Inventory/f/7/d/f7d911fa-a43c-4e1f-bc58-f0306fd68fd1.png?v=20160209.1158
0,84 €
1,68 € / kg

Talupojasupp 3MIN 500g
https://www.e-maxima.ee/SiteImages/Inventory/f/b/a/fbacb444-14f7-4564-9d3f-e1e473657ac6.png?v=20160209.1158
0,84 €
1,68 € / kg

Hapukapsasupp 3MIN 500g
https://www.e-maxima.ee/SiteImages/Inventory/f/3/1/f31f3213-932d-486b-9a0d-71965a6bd521.png?v=20160209.1158
0,84 €
1,68 € / kg

Värskekapsaborš ubadega 3MIN 480g
https://www.e-maxima.ee/SiteImages/Inventory/9/c/5/9c595fcf-b3fc-4410-9e93-ea67ab1d04c3.png?v=20160209.1158
0,84 €
1,75 € / kg

Hernesupp SALVEST suitsuribilihaga 560g
https://www.e-maxima.ee/SiteImages/Inventory/1/a/8/1a8953db-fb66-4f0e-a660-a82aa1b85eee.png?v=20160209.1158
2,19 €
3,91 € / kg

Borš suitsuribiga EXTRA LINE 500g
https://www.e-maxima.ee/SiteImages/Inventory/e/1/a/e1aec1f0-034f-4abb-b68f-f5fcb4b8418d.png?v=20160209.1158
1,10 €
2,20 € / kg

Ukraina borš seentega EXTRA LINE 500g
https://www.e-maxima.ee/SiteImages/Inventory/e/1/6/e16e2d47-d9ec-4131-907f-d45692c706ef.png?v=20160209.1158
0,89 €
1,78 € / kg

Hapukurgisupp EXTRA LINE 500g
https://www.e-maxima.ee/SiteImages/Inventory/d/a/e/dae42b86-494c-4442-8d37-af6150258d82.png?v=20160209.1158
0,89 €
1,78 € / kg

Seljanka suitsuribilihaga SALVEST 530g
https://www.e-maxima.ee/SiteImages/Inventory/1/5/e/15e1adef-d0d0-4846-80dd-4c6f614e3fe9.png?v=20160209.1158
2,55 €
4,81 € / kg

Hartšoo SALVEST 530g
https://www.e-maxima.ee/SiteImages/Inventory/1/9/7/1979a868-d144-49d5-bd67-031219f26e59.png?v=20160209.1158
2,35 €
4,43 € / kg

Hautatud loomaliha, 250g
https://www.e-maxima.ee/SiteImages/Inventory/9/6/c/96c45fe7-6d3e-4d72-a079-d47818b0e69f.png?v=20160209.1158
0,84 €
3,36 € / kg

Hautatud sealiha, 250g
https://www.e-maxima.ee/SiteImages/Inventory/8/e/b/8ebe641f-cc44-4be9-a511-31e84b6f1a91.png?v=20160209.1158
0,84 €
3,36 € / kg

Pardilihadelikatess 190g
https://www.e-maxima.ee/SiteImages/Inventory/a/2/9/a29d14c1-2dfb-4c19-80fd-87af64508a7a.png?v=20160209.1158
1,99 €
10,47 € / kg

Lambalihadelikatess 190g
https://www.e-maxima.ee/SiteImages/Inventory/6/c/0/6c02c56b-3e20-4e02-b3c8-ee9a8c9f890b.png?v=20160209.1158
1,99 €
10,47 € / kg

Hautat. sealiha SÕJAVÄE KVALITEET, 320g
https://www.e-maxima.ee/SiteImages/Inventory/4/f/8/4f8b78d8-c4d3-4957-9d51-982edc3d38ef.png?v=20160209.1158
1,45 €
4,53 € / kg

Haut. kanaliha SÕJAVÄE KVALITEET 320g
https://www.e-maxima.ee/SiteImages/Inventory/0/0/3/003819cd-1301-448a-a6ed-71a9614c0561.png?v=20160209.1158
1,45 €
4,53 € / kg

Turisti eine SÕJAVÄE KVALITEET 320g
https://www.e-maxima.ee/SiteImages/Inventory/f/d/2/fd293e76-dd10-4f7c-be85-90baf81afd43.png?v=20160209.1158
1,45 €
4,53 € / kg

Linnulihapasteet Šampinjon.PROFI ,131g
https://www.e-maxima.ee/SiteImages/Inventory/2/0/0/200fb396-9ecd-4f77-b40d-791679d6b3f8.png?v=20160209.1158
0,79 €
6,03 € / kg

Veiseliha omas mahlas 240g
https://www.e-maxima.ee/SiteImages/Inventory/e/5/d/e5d7e308-b203-476a-8293-b72d7261c30b.png?v=20160209.1158
1,89 €
7,88 € / kg

Kanaliha omas mahlas 240g
https://www.e-maxima.ee/SiteImages/Inventory/c/2/2/c226569b-98c9-441f-b3e5-de80b76daa24.png?v=20160209.1158
1,99 €
8,29 € / kg

Sealiha omas mahlas 240g
https://www.e-maxima.ee/SiteImages/Inventory/2/a/1/2a1a25d6-6031-4a35-9dd4-6a65afc513f6.png?v=20160209.1158
1,79 €
7,46 € / kg

Maksapasteet RANNAROOTSI 240g
https://www.e-maxima.ee/SiteImages/Inventory/0/3/b/03bc2828-02c7-4d0e-b264-f5d76eecb0af.png?v=20160209.1158
1,29 €
5,38 € / kg

Kanamaksapasteet 240g
https://www.e-maxima.ee/SiteImages/Inventory/0/a/a/0aa1a6aa-706b-468b-a082-0c346f3d9ebc.png?v=20160209.1158
1,23 €
5,13 € / kg

Hautatud sealiha 325g
https://www.e-maxima.ee/SiteImages/Inventory/f/9/b/f9bcbb02-1869-4ac0-b212-f5dfadae636e.png?v=20160209.1158
1,89 €
5,82 € / kg

Hautatud sealiha NOSTALGIA, 525g
https://www.e-maxima.ee/SiteImages/Inventory/9/6/5/965cf798-e348-460d-bfb8-2d4d509647de.png?v=20160209.1158
2,69 €
5,12 € / kg

Hautatud loomaliha NOSTALGIA,525g
https://www.e-maxima.ee/SiteImages/Inventory/4/7/7/4772ba75-b966-4318-bfc0-77126cdb319d.png?v=20160209.1158
2,99 €
5,70 € / kg

Turisti eine NOSTALGIA, 525g
https://www.e-maxima.ee/SiteImages/Inventory/a/3/6/a3641164-d835-4bb4-87c9-84674c99fd0f.png?v=20160209.1158
1,59 €
3,03 € / kg

Veiseliha omas mahlas 525 g
https://www.e-maxima.ee/SiteImages/Inventory/0/9/0/09063423-6426-42ea-a497-b3f574da2334.png?v=20160209.1158
2,59 €
4,93 € / kg

Sealiha omas mahlas 525 g
https://www.e-maxima.ee/SiteImages/Inventory/1/5/c/15c0df27-e070-4a18-876b-fa32995548cc.png?v=20160209.1158
2,59 €
4,93 € / kg

Makaroniroog SALVEST 530g
https://www.e-maxima.ee/SiteImages/Inventory/7/d/9/7d9d79f9-582a-43fb-a312-8564ebabb129.png?v=20160209.1158
1,89 €
3,57 € / kg

Pilaff SALVEST 530g
https://www.e-maxima.ee/SiteImages/Inventory/a/1/f/a1fad433-9122-4a0e-bab3-b924baa26255.png?v=20160209.1158
1,49 €
2,81 € / kg

Konservsalat Toome SALVEST 500g
https://www.e-maxima.ee/SiteImages/Inventory/1/8/1/181aafea-68e7-49ad-9a7c-6c41fe977a26.png?v=20160209.1158
1,09 €
2,18 € / kg

Mehhiko pada SALVEST 530g
https://www.e-maxima.ee/SiteImages/Inventory/3/3/8/3381da44-ff2e-4b9e-a502-a58620d24071.png?v=20160209.1158
2,29 €
4,32 € / kg

Guljašš SALVEST 530g
https://www.e-maxima.ee/SiteImages/Inventory/c/9/7/c97e55d4-1371-4ad5-9a03-86a1ebbc86ba.png?v=20160209.1158
1,99 €
3,75 € / kg

Tatrapuder sealihaga SALVEST530g
https://www.e-maxima.ee/SiteImages/Inventory/b/e/1/be18d114-4b86-4426-925a-8369691c9988.png?v=20160209.1158
1,95 €
3,68 € / kg

Salatiporgand SALVEST 530g
https://www.e-maxima.ee/SiteImages/Inventory/a/a/8/aa859cdb-2fcb-4489-8945-e9f529e01f34.png?v=20160209.1158
1,29 €
2,43 € / kg

Böfstrooganov SALVEST 530g
https://www.e-maxima.ee/SiteImages/Inventory/9/2/c/92c0d22f-1d76-4aa8-91aa-6e04a9a66789.png?v=20160209.1158
2,59 €
4,89 € / kg

Salat Kreeka MINU 820g
https://www.e-maxima.ee/SiteImages/Inventory/7/0/0/70092de5-2412-4e7d-b7a6-3d2d13130fad.png?v=20160209.1158
1,45 €
1,77 € / kg

Salat Rootsi MINU 860g
https://www.e-maxima.ee/SiteImages/Inventory/3/5/d/35dc8f25-3ddc-422f-b0a5-30e6c97010bd.png?v=20160209.1158
1,35 €
1,57 € / kg

Itaalia pada SALVEST 530g
https://www.e-maxima.ee/SiteImages/Inventory/c/d/1/cd14ca52-1a81-4f5c-9447-252781883ee8.png?v=20160209.1158
2,35 €
4,43 € / kg

Salat Köögivilja MINU 880g
https://www.e-maxima.ee/SiteImages/Inventory/c/3/b/c3b05646-b451-4628-b262-7fa41531a6d3.png?v=20160209.1158
1,10 €
1,25 € / kg

Kurgisalat FELIX 375g
https://www.e-maxima.ee/SiteImages/Inventory/7/c/5/7c539fe7-c8c7-4854-96ab-514cd5c2e9ca.png?v=20160209.1158
1,39 €
3,71 € / kg

Ühepajatoit sealihaga SALVEST 530g
https://www.e-maxima.ee/SiteImages/Inventory/3/c/8/3c800060-0773-421b-809d-1db7ea9915c3.png?v=20160209.1158
2,28 €
4,30 € / kg

Mulgipuder sealihaga SALVEST 530g
https://www.e-maxima.ee/SiteImages/Inventory/d/b/0/db0175b3-deae-4249-9c62-7564d0e9d2af.png?v=20160209.1158
1,59 €
3,00 € / kg

Makaronid singiga SALVEST 530g
https://www.e-maxima.ee/SiteImages/Inventory/e/e/1/ee178321-604b-4753-9368-62a46018dc6f.png?v=20160209.1158
2,05 €
3,87 € / kg

Pilaff lihata 3MIN 480g
https://www.e-maxima.ee/SiteImages/Inventory/5/9/b/59b7d765-fd05-41c6-a815-11a8083244c9.png?v=20160209.1158
0,84 €
1,75 € / kg

Šampinjoniletšo BONDUELLE mahedam.450g
https://www.e-maxima.ee/SiteImages/Inventory/7/6/1/76149180-0389-4754-aa66-38dd6c6d2a98.png?v=20160209.1158
1,65 €
3,67 € / kg

Šamp.letšo BONDUELLE keskm.vürts.450g
https://www.e-maxima.ee/SiteImages/Inventory/3/f/2/3f25e10c-945d-4fad-995c-6f454936ef6d.png?v=20160209.1158
1,49 €
3,31 € / kg

Suitsupeekoniga pilaff SALVEST 530g
https://www.e-maxima.ee/SiteImages/Inventory/6/3/e/63ec03e2-860f-420a-bff6-2c7a0eac73e7.png?v=20160209.1158
2,25 €
4,25 € / kg

Õlleuba SALVEST 580g
https://www.e-maxima.ee/SiteImages/Inventory/5/6/7/56725358-b988-457b-9165-cd62ab1c6c88.png?v=20160209.1158
1,34 €
2,31 € / kg

Vür. nuudliroog veiselihaga ROLLTON,60 g
https://www.e-maxima.ee/SiteImages/Inventory/1/3/8/1389e396-5306-4db3-a09f-f61b61f9d6cd.png?v=20160209.1158
0,17 €
2,83 € / kg

Kanalihamaits.nuudliroog ROLLTON 60g
https://www.e-maxima.ee/SiteImages/Inventory/0/0/7/0074a0e3-2a7e-4db6-8c5c-c8a5e2169f28.png?v=20160209.1158
0,17 €
2,83 € / kg

Juust-peekonimaits.nuudliroog ROLLTON60g
https://www.e-maxima.ee/SiteImages/Inventory/b/3/f/b3f6f10c-6f85-4a29-8907-c0463d8cac25.png?v=20160209.1158
0,17 €
2,83 € / kg

Kartulipuder FELIX 2x110g
https://www.e-maxima.ee/SiteImages/Inventory/f/4/4/f44a25f0-de5c-4841-b12e-0f3ef606a096.png?v=20160209.1158
1,29 €
5,86 € / kg

Kiirnuudlid kanalihamaitsega MIVINA 50g
https://www.e-maxima.ee/SiteImages/Inventory/d/4/a/d4ab9eb1-6b6b-4447-a215-fcfd5d15b1bf.png?v=20160209.1158
0,24 €
4,80 € / kg

Kiirnuudlid loomalihamaitsega MIVINA 50g
https://www.e-maxima.ee/SiteImages/Inventory/2/1/d/21d142a3-8692-463e-ab72-b794a01e612a.png?v=20160209.1158
0,24 €
4,80 € / kg

Juustu-peekon.kiirnuudlid+pulj.ANACOM60g
https://www.e-maxima.ee/SiteImages/Inventory/9/e/5/9e501b9b-8145-4840-8b79-0fdb39c834df.png?v=20160209.1158
0,22 €
3,67 € / kg

Kanamaits.kiirnuudlid+puljong.ANACOM 60g
https://www.e-maxima.ee/SiteImages/Inventory/9/5/e/95ed4bf2-011e-4fe1-b757-16c0c7ce5934.png?v=20160209.1158
0,22 €
3,67 € / kg

Veiseliham.nuudl.+tom.basiil.BIG BON,85g
https://www.e-maxima.ee/SiteImages/Inventory/6/6/b/66b742bf-bf3b-45dc-b4e3-318eb9c8962d.png?v=20160209.1158
0,95 €
11,18 € / kg

Kanamaits.nuudl.+salsakaste BIG BON,85g
https://www.e-maxima.ee/SiteImages/Inventory/4/5/f/45f058b3-9e28-461e-8ee4-33ab7ad918ce.png?v=20160209.1158
0,95 €
11,18 € / kg

Topsitoit pasta juustu-koorek. KNORR 60g
https://www.e-maxima.ee/SiteImages/Inventory/e/f/2/ef24fb5c-a34b-43a8-97d2-1e725db9a659.png?v=20160209.1158
0,89 €
14,83 € / kg

Topsitoit kart.püree/peek/sib KNORR 57g
https://www.e-maxima.ee/SiteImages/Inventory/6/6/8/668bf84f-0881-44a2-a4df-a7b2a8afe650.png?v=20160209.1158
0,95 €
16,67 € / kg

Võimaits.kartulipüree tilliga MAGGI 35g
https://www.e-maxima.ee/SiteImages/Inventory/7/c/d/7cd776f2-7efa-4dda-8d1d-0d4c1752f57c.png?v=20160209.1158
0,37 €
10,57 € / kg

Kartulipüree koorega MAGGI 35g
https://www.e-maxima.ee/SiteImages/Inventory/a/5/7/a5759439-dc0e-4883-9ece-73a19c38d318.png?v=20160209.1158
0,39 €
11,14 € / kg

Nuudlid koorek.ja murulaug.KNORR 67g tps
https://www.e-maxima.ee/SiteImages/Inventory/7/d/0/7d0d59a2-21d7-4292-b5a7-6b513fdcf792.png?v=20160209.1158
0,98 €
14,63 € / kg

Kart.püree juustu ja brok.KNORR 50g tops
https://www.e-maxima.ee/SiteImages/Inventory/4/4/4/444c4dcd-09c1-44ef-acdb-5ca93dcf8281.png?v=20160209.1158
0,89 €
17,80 € / kg

Loomaliham.kiirnuudlid+pulj.ANACOM 60g
https://www.e-maxima.ee/SiteImages/Inventory/f/0/7/f078a4f7-19f2-4f5d-a3fa-dbf3ad3985ca.png?v=20160209.1158
0,22 €
3,67 € / kg

Terav.kanalih.pulj.kiirnuudlidANACOM 60g
https://www.e-maxima.ee/SiteImages/Inventory/8/d/a/8da24f7e-5a5a-45e7-ae65-25c9230677d5.png?v=20160209.1158
0,22 €
3,67 € / kg

Kanamaits.munanuudlid ROLLTON 90g
https://www.e-maxima.ee/SiteImages/Inventory/4/e/1/4e1a4ac0-7388-4463-a15d-fcd1d828ef31.png?v=20160209.1158
0,46 €
5,11 € / kg

Veiselihamaits.munanuudlid ROLLTON 90g
https://www.e-maxima.ee/SiteImages/Inventory/4/d/a/4dad45a9-12e3-4b1d-8694-adfa961f03b9.png?v=20160209.1158
0,46 €
5,11 € / kg

Kiirnuudlid Juustumaitselised MIVINA 50g
https://www.e-maxima.ee/SiteImages/Inventory/9/5/1/951c279b-9482-4196-92fc-e1cfe759c125.png?v=20160209.1158
0,24 €
4,80 € / kg

Juustu-ürdimaits.kiirnuudlid KNORR 61g
https://www.e-maxima.ee/SiteImages/Inventory/8/1/1/8113056c-a6e7-4c08-95e2-6e9aff3db673.png?v=20160209.1158
0,49 €
8,03 € / kg

Kiirnuudlid kanaliha maitsega NAAAIZ 50g
https://www.e-maxima.ee/SiteImages/Inventory/2/9/3/29394e3c-471a-43e0-982c-bbce42dbdaa2.png?v=20160209.1158
0,18 €
3,60 € / kg

Kiirnuudlid seente maitsega NAAAIZ 50g
https://www.e-maxima.ee/SiteImages/Inventory/e/b/9/eb984f5c-abf2-4522-90df-d4b032019e45.png?v=20160209.1158
0,18 €
3,60 € / kg

Kiirnuudlid veiseliha maitsegaNAAAIZ 50g
https://www.e-maxima.ee/SiteImages/Inventory/e/0/a/e0a3689a-a8dd-4774-8360-ce7639d01e2c.png?v=20160209.1158
0,18 €
3,60 € / kg

Vürts.kiirnuudl.pardiliham.AsiaMAGGI 65g
https://www.e-maxima.ee/SiteImages/Inventory/6/e/f/6ef876bb-38d9-471e-bb74-024b36b5dd2c.png?v=20160209.1158
0,49 €
7,54 € / kg

Vürts.kiirnuudl.kanamaits.Asia MAGGI 65g
https://www.e-maxima.ee/SiteImages/Inventory/2/1/8/2184f9a2-0cf4-4f1c-ad34-2e5f34bc0cd9.png?v=20160209.1158
0,49 €
7,54 € / kg

Kart.püree saiakuubik.ja sibul.MAGGI 57g
https://www.e-maxima.ee/SiteImages/Inventory/7/b/6/7b612f08-74a8-4328-8175-3d124b5ea656.png?v=20160209.1158
0,95 €
16,67 € / kg

Nuudlid tomati-koorekastmes MAGGI 60g
https://www.e-maxima.ee/SiteImages/Inventory/c/c/3/cc353a2e-5958-4c51-8a6d-5ac82dc85cff.png?v=20160209.1158
0,95 €
15,83 € / kg

Kart.pür.suitsuliham.,saiakuub.MAGGI 51g
https://www.e-maxima.ee/SiteImages/Inventory/d/c/3/dc38c73e-6476-436e-bfca-8b34031c8ef5.png?v=20160209.1158
0,95 €
18,63 € / kg

Spagetid Bolognese MAGGI 57g
https://www.e-maxima.ee/SiteImages/Inventory/3/3/1/331d52bb-0aa4-4113-aff2-b01d7648732f.png?v=20160209.1158
0,95 €
16,67 € / kg

Spagetid juustu-koore kastmes MAGGI 57g
https://www.e-maxima.ee/SiteImages/Inventory/2/5/7/2574cf85-0a3b-4e1f-853e-c21ac76aac8d.png?v=20160209.1158
0,85 €
14,91 € / kg

Kanapuljong MAGGI 60g
https://www.e-maxima.ee/SiteImages/Inventory/c/8/0/c806a512-e9ba-4937-b92a-b0569704a967.png?v=20160209.1158
0,51 €
8,50 € / kg

Kanapuljong MAGGI 120g
https://www.e-maxima.ee/SiteImages/Inventory/1/d/d/1dd33b3e-c763-40e2-81bb-3d833c18fdd6.png?v=20160209.1158
0,85 €
7,08 € / kg

Kanapuljong KNORR 12x10g
https://www.e-maxima.ee/SiteImages/Inventory/6/a/1/6a181d00-1c88-4776-8bf7-acc8eb9ce445.png?v=20160209.1158
0,89 €
7,42 € / kg

Kanapuljong GALLINA BLANCA,15x10g
https://www.e-maxima.ee/SiteImages/Inventory/4/c/8/4c8e639f-1a31-4c37-9f42-642b37ab25cf.png?v=20160209.1158
0,96 €
6,40 € / kg

Veiselihapul.kuubikud OPTIMA LINIJA 60g
https://www.e-maxima.ee/SiteImages/Inventory/d/0/b/d0b9c524-4f77-4d5d-8f78-7dc8d42884fe.png?v=20160209.1158
0,29 €
4,83 € / kg

Aedviljapuljong MAGGI 120g
https://www.e-maxima.ee/SiteImages/Inventory/0/9/1/0911caf9-a195-44b7-b8dd-8eb59ca35223.png?v=20160209.1158
0,85 €
7,08 € / kg

Loomalihapuljong Kostilja MAGGI 60g
https://www.e-maxima.ee/SiteImages/Inventory/9/2/0/920bf61e-c4fc-4a5b-b543-83adfb98ff14.png?v=20160209.1158
0,55 €
9,17 € / kg

Kanapuljong peter.ja tilliga MAGGI, 120g
https://www.e-maxima.ee/SiteImages/Inventory/f/1/3/f1370df8-c524-4248-abbe-8bca1b599b02.png?v=20160209.1158
0,85 €
7,08 € / kg

Bolognesekaste spaget. Idea MAGGI 47g
https://www.e-maxima.ee/SiteImages/Inventory/7/1/4/714bbb3c-c9b5-4c0c-a2e4-b27cfac95bff.png?v=20160209.1158
0,79 €
17,95 € / kg

Kanaliha koore-ürdikaste Idea MAGGI 30g
https://www.e-maxima.ee/SiteImages/Inventory/3/1/7/317f12db-40e5-4dcd-83c7-c4d99a3030f6.png?v=20160209.1158
0,79 €
26,33 € / kg

Maitseainesegu kart.h.lihavorm. MAGGI42g
https://www.e-maxima.ee/SiteImages/Inventory/b/2/8/b2845ece-c0b1-4662-aa29-54bb64c70dbf.png?v=20160209.1158
0,79 €
18,81 € / kg

Kanapuljong KNORR Bulionette 56g
https://www.e-maxima.ee/SiteImages/Inventory/e/8/5/e85de6ea-8259-47a6-bba8-c9e56bdccb2a.png?v=20160209.1158
0,59 €
10,54 € / kg

Veisepuljong KNORR Bulionette 56g
https://www.e-maxima.ee/SiteImages/Inventory/6/7/2/672b6524-4df4-4122-bbee-3be5c32a1a49.png?v=20160209.1158
0,59 €
10,54 € / kg

Kanapuljong Bulionette KNORR, 112g
https://www.e-maxima.ee/SiteImages/Inventory/e/2/1/e21eca00-4043-4b82-9413-5cb108b59dae.png?v=20160209.1158
1,32 €
11,79 € / kg

Veisepuljong Bulionette KNORR, 112g
https://www.e-maxima.ee/SiteImages/Inventory/2/1/d/21dc7ed0-daef-4c7f-9999-6eb3acc06040.png?v=20160209.1158
1,32 €
11,79 € / kg

Köögiviljapuljong KNORR,120g
https://www.e-maxima.ee/SiteImages/Inventory/1/4/4/1444e9e6-4492-4a27-9213-7c6e60679537.png?v=20160209.1158
0,85 €
7,08 € / kg

Hautiste maitseaine MAGGI IDEA,40g
https://www.e-maxima.ee/SiteImages/Inventory/6/8/7/687c7836-e3cc-4cd5-b764-f1f039530441.png?v=20160209.1158
0,79 €
19,75 € / kg

Guljaši maitsesegu Fix KNORR 51g
https://www.e-maxima.ee/SiteImages/Inventory/b/6/e/b6e4e440-0671-4ff0-ba78-ff4b5ad7da3b.png?v=20160209.1158
0,79 €
15,49 € / kg

Spaget.maits.4 juustu-brokk.Fix KNORR43g
https://www.e-maxima.ee/SiteImages/Inventory/5/0/6/50684763-bb50-48b2-a0e5-cf2ab3f5f653.png?v=20160209.1158
0,75 €
17,44 € / kg

Köögiviljapuljong Bouillonette KNORR 56g
https://www.e-maxima.ee/SiteImages/Inventory/6/e/d/6ed40761-bca1-4b4a-8fac-ef2e0faf4b6d.png?v=20160209.1158
0,67 €
11,96 € / kg

Veiselihapuljong Kastilja MAGGI 12x10g
https://www.e-maxima.ee/SiteImages/Inventory/e/a/c/eacdf02f-90be-4a31-8664-21a84526c4a1.png?v=20160209.1158
0,85 €
7,08 € / kg

Kanamaitseaine juustukastm.IdeaMAGGI 32g
https://www.e-maxima.ee/SiteImages/Inventory/5/f/2/5f242574-0ee0-428f-b89d-babd49c2ad2a.png?v=20160209.1158
0,79 €
24,69 € / kg

Segu kanale küüslauguga MAGGI IDEA 30g
https://www.e-maxima.ee/SiteImages/Inventory/6/6/b/66b70f78-e10f-4cca-abc7-6184c24a7779.png?v=20160209.1158
0,99 €
33,00 € / kg

Segu kartuliga sealihale MAGGI IDEA 30g
https://www.e-maxima.ee/SiteImages/Inventory/e/4/d/e4d00f15-4d58-4662-a8f1-e0a5398e02da.png?v=20160209.1158
1,05 €
35,00 € / kg

Segu kanatiibadele meega MAGGI IDEA 28g
https://www.e-maxima.ee/SiteImages/Inventory/f/6/8/f683cd32-3e39-4b06-bf9d-fbfe3d3af9a3.png?v=20160209.1158
1,05 €
37,50 € / kg

Küps.paber kanale ürtid.MAGGI IDEA 23.7g
https://www.e-maxima.ee/SiteImages/Inventory/6/9/e/69ee0896-be2c-429a-9ee0-fd8977107276.png?v=20160209.1158
1,05 €
44,30 € / kg

Küps.paber kanale pr.ürt.MAGGI IDEA23.4g
https://www.e-maxima.ee/SiteImages/Inventory/4/d/6/4d625f57-b305-4c27-b397-5df33ae5dde0.png?v=20160209.1158
1,05 €
44,87 € / kg

Seenepuljong Kostilja MAGGI 60g
https://www.e-maxima.ee/SiteImages/Inventory/5/4/a/54ac579b-c26d-4fe2-98fc-07b6b294e386.png?v=20160209.1158
0,55 €
9,17 € / kg

Spageti maitsesegu Bolognese FixKNORR44g
https://www.e-maxima.ee/SiteImages/Inventory/5/c/8/5c868234-4ccb-4788-b411-10d7a8d19533.png?v=20160209.1158
0,75 €
17,05 € / kg

Kanamaitsesegu küüslauguga Fix KNORR 28g
https://www.e-maxima.ee/SiteImages/Inventory/6/1/5/615fcf94-00a4-42a5-8ff2-a4e793f11be5.png?v=20160209.1158
0,99 €
35,36 € / kg

Spageti maitsesegu Carbonara FixKNORR26g
https://www.e-maxima.ee/SiteImages/Inventory/1/9/e/19e0c6ca-0b59-4c3b-af44-416422180c1f.png?v=20160209.1158
0,79 €
30,38 € / kg

Spaghetti Carbonara MAGGI IDEA 34g
https://www.e-maxima.ee/SiteImages/Inventory/6/8/3/6838ee3e-a5de-4f35-869f-fd83c50d5647.png?v=20160209.1158
0,79 €
23,24 € / kg

Kaste nuudlitele 4-juustu MAGGI IDEA 34g
https://www.e-maxima.ee/SiteImages/Inventory/7/7/6/776a636f-7ae0-4e18-ba81-d803f70bc470.png?v=20160209.1158
0,79 €
23,24 € / kg

Šokolaadijäätis Väike Tom 60g
https://www.e-maxima.ee/SiteImages/Inventory/3/5/7/357923fc-a3aa-4e72-ba22-16ca2af4b086.png?v=20160209.1158
0,52 €
8,67 € / kg

Vanilli-koorejäätis Põhjatäht 480g
https://www.e-maxima.ee/SiteImages/Inventory/9/1/8/918463fb-8d7f-43e3-b71a-565a85b10b5f.png?v=20160209.1158
2,60 €
5,42 € / kg

Vanilli koorejäätis šok.tükk.Vau,245g
https://www.e-maxima.ee/SiteImages/Inventory/9/7/a/97a2274c-d1fb-4404-989d-b75bff43a132.png?v=20160209.1158
1,59 €
6,49 € / kg

Van.koorejäätis Põhjatäht  šok.tükk.480g
https://www.e-maxima.ee/SiteImages/Inventory/0/3/0/03001480-386a-45cd-9fc4-25ff5b52d5f4.png?v=20160209.1158
2,65 €
5,52 € / kg

Karam.jäätis pähk.täidis Super Viva112g
https://www.e-maxima.ee/SiteImages/Inventory/9/c/2/9c20bcd9-e75a-4a52-953c-f1e8bd2139d6.png?v=20160209.1158
0,79 €
7,05 € / kg

Vanilli koorejäät.maasika.SuperViva 112g
https://www.e-maxima.ee/SiteImages/Inventory/7/9/1/79161dae-fb7c-46fa-9b5f-973b179b6c90.png?v=20160209.1158
0,84 €
7,50 € / kg

Jäätis VANILJA NINJA vanilli glas. 80g
https://www.e-maxima.ee/SiteImages/Inventory/6/5/0/650e7548-2439-445a-91f2-fbb9a23344a9.png?v=20160209.1158
0,59 €
7,38 € / kg

Vanillijäätis PREMIA  800+200ml/500g
https://www.e-maxima.ee/SiteImages/Inventory/e/2/e/e2e7d42e-ebef-49c0-b22a-167f98b43633.png?v=20160209.1158
1,79 €
3,58 € / kg

Koolijäätis PREMIA 60g
https://www.e-maxima.ee/SiteImages/Inventory/d/1/f/d1fcaec8-837a-4d30-9b72-867dfe3951ec.png?v=20160209.1158
0,62 €
10,33 € / kg

Vaniljejäätis piimašok.MAGNUM 86g
https://www.e-maxima.ee/SiteImages/Inventory/6/5/2/652b2942-6c86-4264-b03a-5347b761b3e5.png?v=20160209.1158
0,69 €
8,02 € / kg

Van.jäätis MAGNUM piimašok.mandl.86g
https://www.e-maxima.ee/SiteImages/Inventory/2/3/9/239e33b6-a794-4590-add6-8994a7324c35.png?v=20160209.1158
0,69 €
8,02 € / kg

Kokteilijäätis BALBIINO vanilli 2.25kg
https://www.e-maxima.ee/SiteImages/Inventory/3/3/1/3315891b-a20d-41d2-80aa-5da81addd64b.png?v=20160209.1158
6,49 €
2,88 € / kg

Vanilliplombiir glasuuris VÄIKE TOM 60g
https://www.e-maxima.ee/SiteImages/Inventory/0/7/8/0787c158-1a1c-47ae-8831-e730319ed285.png?v=20160209.1158
0,48 €
8,00 € / kg

Jääkuubikud BALBIINO 1kg
https://www.e-maxima.ee/SiteImages/Inventory/5/6/6/566a6532-7fa0-4a9c-95f8-1f1288470493.png?v=20160209.1158
0,82 €
0,82 € / kg

Vanillijäätis Aurora kahe vahvliga 65g
https://www.e-maxima.ee/SiteImages/Inventory/6/5/0/650f6c01-7bbe-432a-86e1-2046faa29dda.png?v=20160209.1158
0,55 €
8,46 € / kg

Mahlajää Limpa limon.- ja guanabam.70g
https://www.e-maxima.ee/SiteImages/Inventory/3/b/b/3bbe6818-0529-4c25-97a2-3fca16ac01ea.png?v=20160209.1158
0,29 €
4,14 € / kg

Vanilje- šok.jäätis KitKat NESTLE 69g
https://www.e-maxima.ee/SiteImages/Inventory/3/9/b/39b2554e-be51-44d9-8122-ede07fb8ede2.png?v=20160209.1158
0,99 €
14,56 € / kg

Vanilliplomb.pähklitäidis.Väike Tom 60g
https://www.e-maxima.ee/SiteImages/Inventory/0/3/0/0307f8a3-9233-4714-af95-5bf7cbc6fd7e.png?v=20160209.1158
0,60 €
10,00 € / kg

Vanilli-koorejäätis PREMIA 65g,tops
https://www.e-maxima.ee/SiteImages/Inventory/f/d/6/fd6ecd1d-c790-4952-9d85-9308f140ea98.png?v=20160209.1158
0,61 €
9,38 € / kg

Jäätis vanilli-karamelli SUPER VIVA,530g
https://www.e-maxima.ee/SiteImages/Inventory/7/a/6/7a605f87-19fb-4361-83b7-387f9b023552.png?v=20160209.1158
2,49 €
2,49 € / l

Jäätis karamelli-pähkli SUPER VIVA,520g
https://www.e-maxima.ee/SiteImages/Inventory/e/9/8/e98d2599-73fe-4803-9b50-57c763ee47fb.png?v=20160209.1158
2,49 €
2,49 € / l

Koorejäätis koonusvahvlis PREMIA 100g
https://www.e-maxima.ee/SiteImages/Inventory/d/b/c/dbcc433a-1c06-4a69-acf7-9c66aeba67eb.png?v=20160209.1158
0,91 €
9,10 € / kg

Koorejäätis Regatt PREMIA 480g
https://www.e-maxima.ee/SiteImages/Inventory/a/a/d/aada36c3-b2ab-4ef7-93f8-b2b565f40758.png?v=20160209.1158
2,29 €
4,77 € / kg

Vanillijäätis Eskimo 65g
https://www.e-maxima.ee/SiteImages/Inventory/f/8/b/f8bb3497-97c7-4256-8ee8-d11b3275886a.png?v=20160209.1158
0,39 €
6,00 € / kg

Šok.-koorejäätis BALBIINO 100g koonus
https://www.e-maxima.ee/SiteImages/Inventory/5/6/8/568bf494-13bf-43af-b483-ae69f6cc6247.png?v=20160209.1158
0,85 €
8,50 € / kg

Vanilliplombiir Vana Toomas šok.gl.90g
https://www.e-maxima.ee/SiteImages/Inventory/8/d/9/8d9003e0-5d2a-4ac3-b59e-717a52d34f09.png?v=20160209.1158
0,88 €
9,78 € / kg

Šok.koorejäätis koonusvahvl.PREMIA 100g
https://www.e-maxima.ee/SiteImages/Inventory/7/c/9/7c9237cd-0854-4901-b96f-68e035368f51.png?v=20160209.1158
0,91 €
9,10 € / kg

Karam.koorejäätis Super Viva koonus,95g
https://www.e-maxima.ee/SiteImages/Inventory/c/5/1/c5115315-a150-4e3a-aaad-83fc472a234c.png?v=20160209.1158
0,79 €
8,32 € / kg

Šok.koorejäätis Mesikäpp 75g
https://www.e-maxima.ee/SiteImages/Inventory/9/d/5/9d5e74c7-51e3-4832-a72c-fdd45379aa50.png?v=20160209.1158
0,63 €
8,40 € / kg

Vaniljejäätis valge šok.MAGNUM 86g
https://www.e-maxima.ee/SiteImages/Inventory/4/7/0/4707e0ca-b3b9-4e23-bb5e-489e9b45f106.png?v=20160209.1158
0,69 €
8,02 € / kg

Koorejäätis iirise INGMAN, 119g
https://www.e-maxima.ee/SiteImages/Inventory/6/f/f/6ff95bab-a995-4c9f-809e-874023eef1ae.png?v=20160209.1158
1,75 €
14,71 € / kg

Jäätis vahtrasiir.-pähkl.Super Viva,530g
https://www.e-maxima.ee/SiteImages/Inventory/6/c/8/6c857be3-50ea-436b-ace8-4913bd8d7af3.png?v=20160209.1158
2,49 €
4,70 € / kg

Jäätis koonus kreekapäh. EKSELENCE, 130g
https://www.e-maxima.ee/SiteImages/Inventory/6/8/d/68d64ed1-1e43-4742-92a0-6686ad9f0dfd.png?v=20160209.1158
1,19 €
9,15 € / kg

Jäätis vanilli INGMAN, 117g
https://www.e-maxima.ee/SiteImages/Inventory/7/2/b/72b31ae8-e488-44ae-b35f-72ffee99a84e.png?v=20160209.1158
1,75 €
14,96 € / kg

Koorejäätis BALBIINO banaani 100g
https://www.e-maxima.ee/SiteImages/Inventory/7/7/c/77c8d741-0d02-4094-b877-64f27b80c19e.png?v=20160209.1158
0,85 €
8,50 € / kg

Jäätis ONU ESKIMO banaaniplombiir 480g
https://www.e-maxima.ee/SiteImages/Inventory/6/8/8/68892aa5-24ac-428c-92e5-fbabfae54b6a.png?v=20160209.1158
3,15 €
6,56 € / kg

Jäätis ONU ESKIMO vanilliplombiir 480g
https://www.e-maxima.ee/SiteImages/Inventory/f/c/c/fccca88e-2310-4eba-a36f-d496e0c59ccb.png?v=20160209.1158
3,15 €
6,56 € / kg

Jäät.tort šok-vanil-maas.MioDelizzi,490g
https://www.e-maxima.ee/SiteImages/Inventory/e/8/4/e845c088-6220-4c6a-9999-c3026e41d8fd.png?v=20160209.1158
1,89 €
3,86 € / kg

Jäät.tort vanil-kakaogl.MioDelizzi,480g
https://www.e-maxima.ee/SiteImages/Inventory/4/4/7/447f9dc5-94e6-4fdc-bd9a-e0fb2b5baa18.png?v=20160209.1158
1,89 €
3,94 € / kg

Koorejäätis karamellitük.koonus 100g
https://www.e-maxima.ee/SiteImages/Inventory/e/2/7/e274a7a0-1953-46eb-a6a1-4a39766ba3ab.png?v=20160209.1158
0,80 €
8,00 € / kg

Koorejäätis murakaga PREMIA koonus 110g
https://www.e-maxima.ee/SiteImages/Inventory/2/3/6/236ea942-a75f-4ae5-a927-1bef10db367c.png?v=20160209.1158
0,99 €
9,00 € / kg

Jäätis Creme Brule Super Viva,100g
https://www.e-maxima.ee/SiteImages/Inventory/a/2/f/a2fc574a-6d7f-49d1-b17e-24aae488314d.png?v=20160209.1158
0,99 €
9,90 € / kg

Jäätis MAIUS Kommide tops.,71g
https://www.e-maxima.ee/SiteImages/Inventory/6/6/9/669d9e4e-489f-421c-8d8a-a8b9f35910df.png?v=20160209.1158
0,69 €
9,72 € / kg

Šokolaadijäätis OPTIMA LINIJA,65g
https://www.e-maxima.ee/SiteImages/Inventory/8/c/e/8cecb04f-cf54-428f-bd28-963c8077919e.png?v=20160209.1158
0,18 €
2,77 € / kg

Vanilliplombiir 12% metsam.FAVORIT,120g
https://www.e-maxima.ee/SiteImages/Inventory/e/9/0/e90bf3cc-3960-4aba-b313-c6e6c179a94c.png?v=20160209.1158
0,45 €
3,75 € / kg

Vanilliplombiir 12% jõhvika FAVORIT,120g
https://www.e-maxima.ee/SiteImages/Inventory/5/c/2/5c2f0917-98b4-4e6e-88e2-ae86597fe1be.png?v=20160209.1158
0,45 €
3,75 € / kg

Vanillijäätis 12% FAVORIT,65g
https://www.e-maxima.ee/SiteImages/Inventory/e/5/e/e5e2dd20-f4e7-451e-97a7-7d05c0cab3f3.png?v=20160209.1158
0,25 €
3,85 € / kg

Šokolaadijäätis šok.tük.12% FAVORIT,65g
https://www.e-maxima.ee/SiteImages/Inventory/d/4/6/d467bc20-7d0b-46d7-988d-6494e5fa88ff.png?v=20160209.1158
0,29 €
4,46 € / kg

Karamellijäätis pähkl.12% FAVORIT,65g
https://www.e-maxima.ee/SiteImages/Inventory/a/4/7/a47d79c2-84ad-4c07-82d0-9877fd14ce29.png?v=20160209.1158
0,29 €
4,46 € / kg

Vanillijäätis mandl.glas.MIO DELIZZI,58g
https://www.e-maxima.ee/SiteImages/Inventory/b/c/1/bc149197-1628-4d33-846e-0aeac8dac721.png?v=20160209.1158
0,19 €
3,28 € / kg

Külm.friikart.sakil. Zig Zag AVIKO, 750g
https://www.e-maxima.ee/SiteImages/Inventory/c/3/9/c3925711-babf-4231-807c-5ca00b4afa45.png?v=20160209.1158
1,75 €
2,33 € / kg

Külm.friikart.sakil. KULLAKESED, 750g
https://www.e-maxima.ee/SiteImages/Inventory/7/f/b/7fbe98b2-0788-4794-ade5-84866cd2ea04.png?v=20160209.1158
1,69 €
2,25 € / kg

Külmut.friikart.sak. MAAHÄRRA, 750g
https://www.e-maxima.ee/SiteImages/Inventory/8/0/d/80d51650-6120-44de-9c08-3dbae7ff2e30.png?v=20160209.1158
1,84 €
2,45 € / kg

Külm. kartulipallid Noisettes AVIKO,600g
https://www.e-maxima.ee/SiteImages/Inventory/9/b/7/9b71e913-2367-4bc1-9f54-8dbaa7c5aa44.png?v=20160209.1158
1,79 €
2,98 € / kg

Külmut.friikart.TOP BUDGET POMMES 2,5kg
https://www.e-maxima.ee/SiteImages/Inventory/9/7/0/9701f0c2-9700-46be-9a78-1b1340dda59d.png?v=20160209.1158
2,99 €
1,20 € / kg

Külmutatud friikartul Top Mania 1000g
https://www.e-maxima.ee/SiteImages/Inventory/9/e/f/9ef3ee63-9cfe-46a2-8632-0c7d126aa459.png?v=20160209.1158
1,29 €
1,29 € / kg

Külm.kartul AVIKO 450g, smiled
https://www.e-maxima.ee/SiteImages/Inventory/8/5/2/852ee3dd-ba92-4002-a4f6-49e9d8514715.png?v=20160209.1158
1,49 €
3,31 € / kg

Külm.kartul Mama´s AVIKO, 750g
https://www.e-maxima.ee/SiteImages/Inventory/4/c/3/4c387a1c-c109-4409-a13d-0b9dabf80bc0.png?v=20160209.1158
1,85 €
2,47 € / kg

Külmutatud kompotiassorti BAUER, 400g
https://www.e-maxima.ee/SiteImages/Inventory/7/a/1/7a159bb2-50c9-43b9-941e-27b47ba72e1d.png?v=20160209.1158
1,39 €
3,48 € / kg

Külmutatud  põldmari BAUER, 300g
https://www.e-maxima.ee/SiteImages/Inventory/2/8/0/2808f8d4-6e42-4db6-93f4-77f480a866b0.png?v=20160209.1158
2,59 €
8,63 € / kg

Külmutatud vaarikad D&#39;AUCY, 400g
https://www.e-maxima.ee/SiteImages/Inventory/c/c/8/cc8ec749-00b6-42a6-8156-36494e878aec.png?v=20160209.1158
2,59 €
6,48 € / kg

Külmutatud kultuurjõhvikad, 300g
https://www.e-maxima.ee/SiteImages/Inventory/5/7/1/5712fd66-970f-40ec-ad0a-4566ca8ea135.png?v=20160209.1158
2,55 €
8,50 € / kg

Pihvid külmutatud RAKVERE 530g
https://www.e-maxima.ee/SiteImages/Inventory/0/1/f/01f298f8-1f41-47ff-89a1-235411c90c4e.png?v=20160209.1158
1,95 €
3,68 € / kg

Külm.pelmeenid PEALINNA, 350g
https://www.e-maxima.ee/SiteImages/Inventory/5/8/f/58feb678-e7e1-464a-a77e-444c34a7db3a.png?v=20160209.1158
1,29 €
3,69 € / kg

Külm.pelmeenid HIINA UVIC,400g
https://www.e-maxima.ee/SiteImages/Inventory/f/9/0/f90842b4-a800-43f0-a4ff-aeff83651801.png?v=20160209.1158
1,89 €
4,73 € / kg

Külm. PERE hakklihasegu RAKV, 250g
https://www.e-maxima.ee/SiteImages/Inventory/9/9/0/990d2bb1-e344-4aa2-b391-2a4ca51a8e6e.png?v=20160209.1158
1,29 €
5,16 € / kg

Külm.pelmeen.Bravissimo Itaal.UVIC, 400g
https://www.e-maxima.ee/SiteImages/Inventory/6/d/7/6d7cd1d5-c471-42b9-b936-2d93629f5768.png?v=20160209.1158
1,59 €
3,98 € / kg

Külmutatud  kotletid Kodused UVIC 350g
https://www.e-maxima.ee/SiteImages/Inventory/a/4/0/a402df79-3301-4c4e-9696-39b3d9b4b272.png?v=20160209.1158
1,79 €
5,11 € / kg

Külm.pelmeenid Russkije RUSHOLOD, 2kg
https://www.e-maxima.ee/SiteImages/Inventory/0/b/2/0b2af233-c227-4b76-abaa-4bad250047b6.png?v=20160209.1158
3,95 €
1,98 € / kg

Külm.pelmeenid Mamma-Mia UVIC , 400g
https://www.e-maxima.ee/SiteImages/Inventory/a/8/7/a873224c-78ad-46d5-a779-feb6ce6096a2.png?v=20160209.1158
1,85 €
4,63 € / kg

Külm.pelmeenid Maitsvad RUSHOLOD, 400g
https://www.e-maxima.ee/SiteImages/Inventory/1/5/8/1580bea4-797b-4c11-a239-8ef5930421c4.png?v=20160209.1158
0,89 €
2,23 € / kg

Külm.pelmeenid Ivan Rjazanskije UVIC,2kg
https://www.e-maxima.ee/SiteImages/Inventory/2/2/0/220aa0f5-644e-4957-81c4-178ee5d2204c.png?v=20160209.1158
5,29 €
2,65 € / kg

Külm.pelmeenid Ivan Poltavskije, 500g
https://www.e-maxima.ee/SiteImages/Inventory/9/8/2/982be527-c159-4a30-abea-374e5e577319.png?v=20160209.1158
1,69 €
3,38 € / kg

Külm.pelmeenid Ivan Kazanskije, 500g
https://www.e-maxima.ee/SiteImages/Inventory/7/7/1/77130312-f997-4168-9317-7e6acb6b0693.png?v=20160209.1158
1,69 €
3,38 € / kg

Külm.pelmeenid HIINA UVIC, 1kg
https://www.e-maxima.ee/SiteImages/Inventory/9/c/9/9c9b8d92-f064-4286-abd1-9ed1a51cf90c.png?v=20160209.1158
4,75 €
4,75 € / kg

Külm.pelmeenid Hiina UVIC, 2kg
https://www.e-maxima.ee/SiteImages/Inventory/e/2/9/e298a76f-5594-4d11-a82d-3765da9e0f1c.png?v=20160209.1158
6,89 €
3,45 € / kg

Külm.pelmeenid SAAREMAA, 600g
https://www.e-maxima.ee/SiteImages/Inventory/0/8/6/0868e0b8-ac79-482f-a628-d952eed19a96.png?v=20160209.1158
1,99 €
3,32 € / kg

Külmutatud kotletid No 1 UVIC, 900g
https://www.e-maxima.ee/SiteImages/Inventory/5/8/5/585ea60d-4722-4151-9c2f-781620593f11.png?v=20160209.1158
2,69 €
2,99 € / kg

Külmutatud  hinkaalid VANO, 400g
https://www.e-maxima.ee/SiteImages/Inventory/1/4/1/141fe9d0-0813-40ce-a0e6-cc659a4e466f.png?v=20160209.1158
1,75 €
4,38 € / kg

Külm. Pealinna minipelmeenid, 350g
https://www.e-maxima.ee/SiteImages/Inventory/f/c/7/fc7a6c84-75d9-459c-8a80-590939fac050.png?v=20160209.1158
1,19 €
3,40 € / kg

Külm. minipelmeenid Russkie, 700g
https://www.e-maxima.ee/SiteImages/Inventory/d/2/2/d22ada39-6855-4ced-95a2-c2eab0712a6a.png?v=20160209.1158
2,69 €
3,84 € / kg

Külm.laste pelmeenid PEALINNA 350g
https://www.e-maxima.ee/SiteImages/Inventory/6/e/b/6ebe4e9a-026a-400a-8902-6a424d7f6c46.png?v=20160209.1158
1,45 €
4,14 € / kg

Külmutatud minifrikadellid 300g
https://www.e-maxima.ee/SiteImages/Inventory/7/7/3/773aa4a1-1398-4216-b08e-ae94dd330e5f.png?v=20160209.1158
0,89 €
2,97 € / kg

Külm.pelmeen.lihatäidis.OPTIMA LINIJA1kg
https://www.e-maxima.ee/SiteImages/Inventory/2/e/f/2ef6b237-2f61-4ce3-a552-fe9defef21bc.png?v=20160209.1158
1,19 €
1,19 € / kg

Külm.pelmeenid kanalihaga VICI 400g
https://www.e-maxima.ee/SiteImages/Inventory/7/6/f/76fc2913-157c-423d-9056-38bb7a911aaf.png?v=20160209.1158
2,09 €
5,23 € / kg

Külm.pelmeenid sealihaga VICI 400g
https://www.e-maxima.ee/SiteImages/Inventory/a/f/e/afe56480-66c7-47e2-b2b5-256d9569a49b.png?v=20160209.1158
2,15 €
5,38 € / kg

Külm.pelmeenid köögiv.VICI, teravad 400g
https://www.e-maxima.ee/SiteImages/Inventory/9/1/a/91a562eb-a2ef-44e6-bd07-ae73a13302e2.png?v=20160209.1158
1,49 €
3,73 € / kg

Külm.pelmeenid kana,juust.purav.VICI400g
https://www.e-maxima.ee/SiteImages/Inventory/a/8/b/a8b62a84-286c-4486-a243-1dec5ff1006f.png?v=20160209.1158
1,99 €
4,98 € / kg

Külmutatud mini-frikadellid BALTI 350g
https://www.e-maxima.ee/SiteImages/Inventory/f/0/a/f0ae2c40-dfe8-40ea-b521-afb5ac799436.png?v=20160209.1158
1,55 €
4,43 € / kg

Külmutatud pelmeenid PEALINNA 700g
https://www.e-maxima.ee/SiteImages/Inventory/8/7/1/871b348a-a171-49ab-812c-eeb970ba55fb.png?v=20160209.1158
2,55 €
3,64 € / kg

Külmutatud frikadellid RAKVERE 400g
https://www.e-maxima.ee/SiteImages/Inventory/d/0/8/d08ffb36-b620-4478-81bf-0aa543af13b0.png?v=20160209.1158
1,99 €
4,98 € / kg

Külmutatud hinkaalid LUKAS 390g
https://www.e-maxima.ee/SiteImages/Inventory/6/2/9/6295f8e1-8cf9-4e62-82eb-225701bb4e7a.png?v=20160209.1158
2,09 €
5,36 € / kg

Külm.pelmeenid Roheline Mark 1kg
https://www.e-maxima.ee/SiteImages/Inventory/6/f/b/6fbc63bc-5512-4a33-9cf6-fe8f2a701568.png?v=20160209.1158
2,39 €
2,39 € / kg

Külmutatud broilerikael TALLEGG 400g
https://www.e-maxima.ee/SiteImages/Inventory/4/2/1/4217ef3a-3dbd-4b55-828b-2b57506f1759.png?v=20160209.1158
0,59 €
1,48 € / kg

Külmutatud Broilerimaks TALLEGG 500g
https://www.e-maxima.ee/SiteImages/Inventory/1/2/8/128437c8-7ecf-4fa3-9d97-36b1c474f023.png?v=20160209.1158
1,49 €
2,98 € / kg

Külm.del.-broilerisüda TALLEGG 400g
https://www.e-maxima.ee/SiteImages/Inventory/b/c/7/bc76d275-a390-447f-9515-21d8e4a2a91a.png?v=20160209.1158
1,19 €
2,98 € / kg

Külm.pitsa erinev. juust.Bistro VICI300g
https://www.e-maxima.ee/SiteImages/Inventory/b/1/b/b1b4763c-3869-4e62-9451-754e587fbc7b.png?v=20160209.1158
1,19 €
3,97 € / kg

Külm.singi-seenepitsa Bistro VICI, 300g
https://www.e-maxima.ee/SiteImages/Inventory/2/5/3/25350ea6-2b83-46bb-b877-0e82f25f7b7f.png?v=20160209.1158
1,14 €
3,80 € / kg

Külm. pitsa Ristorante Prosciutto, 320g
https://www.e-maxima.ee/SiteImages/Inventory/9/9/7/997a5ae8-e24e-48e3-8c28-c2bc1a6bf4bf.png?v=20160209.1158
1,79 €
5,59 € / kg

Külm.pitsa Ristorante Mozzarella, 325g
https://www.e-maxima.ee/SiteImages/Inventory/0/d/f/0df977be-dd56-449a-be9c-a54f3ba5125a.png?v=20160209.1158
1,79 €
5,51 € / kg

Külm.hakklihapitsa MAAHÄRRA, 300g
https://www.e-maxima.ee/SiteImages/Inventory/1/0/3/1031c195-a83d-47d4-b9da-ea88dc7e04f1.png?v=20160209.1158
1,39 €
4,63 € / kg

Külm.pitsa kana- ananassi MAAHÄRRA, 300g
https://www.e-maxima.ee/SiteImages/Inventory/1/f/c/1fc67bbb-51f6-42d7-a00d-80cabd284b10.png?v=20160209.1158
1,39 €
4,63 € / kg

Külmutatud singipitsa MAMMA, 200g
https://www.e-maxima.ee/SiteImages/Inventory/b/d/5/bd5cfd0f-9d12-4f45-8b28-bb3b0a9680e6.png?v=20160209.1158
1,35 €
6,75 € / kg

Külm. hakklihapitsa MAMMA, 200g
https://www.e-maxima.ee/SiteImages/Inventory/d/f/7/df734f98-dd62-4a5f-a91b-2217ee783525.png?v=20160209.1158
1,39 €
6,95 € / kg

Külm.pitsa Ristorante Hawaii ananas,340g
https://www.e-maxima.ee/SiteImages/Inventory/1/e/4/1e461a2c-3b34-4b45-879d-df8d4ddb68f1.png?v=20160209.1158
1,79 €
5,26 € / kg

Külm.pitsa singi ja seent.TOP MANIA 300g
https://www.e-maxima.ee/SiteImages/Inventory/8/7/0/870d2462-21d9-417f-99c0-800610b64604.png?v=20160209.1158
0,95 €
3,17 € / kg

Külmut.pitsa  salaamiga TOP MANIA 300g
https://www.e-maxima.ee/SiteImages/Inventory/4/1/b/41b7423f-6e25-4671-96cf-edfcf2775633.png?v=20160209.1158
0,95 €
3,17 € / kg

Külm.pitsa anan.ja kanalih.TOP MANIA300g
https://www.e-maxima.ee/SiteImages/Inventory/0/3/7/0376456a-1270-4223-a60a-04a7e1f90efa.png?v=20160209.1158
0,95 €
3,17 € / kg

Külm.vareenikud kohup.OPTIMA LINIJA,400g
https://www.e-maxima.ee/SiteImages/Inventory/5/1/7/517272ca-083c-4901-9969-77447d3d474c.png?v=20160209.1158
0,99 €
2,48 € / kg

Külm. kartuli-seenevareenikud UVIC, 700g
https://www.e-maxima.ee/SiteImages/Inventory/5/5/5/55539ff7-01e8-4379-beab-b87d0dffed4e.png?v=20160209.1158
2,49 €
3,56 € / kg

Pikk sai küüsaluguvõidega, 175g külm.
https://www.e-maxima.ee/SiteImages/Inventory/b/2/a/b2af2e1a-30ee-4eb7-a2e6-447ba5e26ebb.png?v=20160209.1158
0,89 €
5,09 € / kg

Külm.vareenikud IVAN Kuban. (kirsi),500g
https://www.e-maxima.ee/SiteImages/Inventory/1/8/9/189f9370-18b2-482d-9a01-635ac596266d.png?v=20160209.1158
2,05 €
4,10 € / kg

Külmutatud kapsarullid MAAHÄRRA, 1 kg
https://www.e-maxima.ee/SiteImages/Inventory/9/1/c/91c5d08d-6df8-498c-a442-fa8d6430bc9c.png?v=20160209.1158
2,95 €
2,95 € / kg

Kohup.saiake  EESTI PAGAR, 400g külmut.
https://www.e-maxima.ee/SiteImages/Inventory/a/c/0/ac0088cb-3564-40d0-bfdf-e331f505cfdc.png?v=20160209.1158
2,25 €
5,63 € / kg

Külmutatud kanaburger MANTINGA,117g
https://www.e-maxima.ee/SiteImages/Inventory/b/d/7/bd743526-cbae-455c-8c4a-a7b970c36bbb.png?v=20160209.1158
0,99 €
8,46 € / kg

Peekoni-munap.  EESTI PAGAR, 390g külm.
https://www.e-maxima.ee/SiteImages/Inventory/d/5/e/d5eafd3e-b518-4b7d-8df7-27f262a8ecd1.png?v=20160209.1158
2,09 €
5,36 € / kg

Õuna-iirisesaiake  EESTI PAGAR360g külm.
https://www.e-maxima.ee/SiteImages/Inventory/c/0/0/c007bced-a6ef-496e-9758-c2b0ed6f3561.png?v=20160209.1158
2,25 €
6,25 € / kg

Suitsukanapirukas EESTI PAGAR,360g külm.
https://www.e-maxima.ee/SiteImages/Inventory/a/4/4/a44c423b-dea7-4f86-8398-38883e987a92.png?v=20160209.1158
2,25 €
6,25 € / kg

Viineripirukas sinepi-kurgit.,390g külm.
https://www.e-maxima.ee/SiteImages/Inventory/a/0/8/a0889932-967b-44ca-82dc-0dec495f4404.png?v=20160209.1158
2,25 €
5,77 € / kg

Külmutatud ukraina borš BAUER, 400g
https://www.e-maxima.ee/SiteImages/Inventory/b/2/d/b2d14357-e24c-402d-b723-d25d7d267662.png?v=20160209.1158
0,69 €
1,73 € / kg

Külmutatud raguusegu HORTEX, 400g
https://www.e-maxima.ee/SiteImages/Inventory/e/a/4/ea47d550-b4e7-4869-81e1-c3969d8f7f6b.png?v=20160209.1158
0,95 €
2,38 € / kg

Külm. porgand hernestega BAUER, 400g
https://www.e-maxima.ee/SiteImages/Inventory/f/4/a/f4a02212-89d5-42a1-908b-677be262270b.png?v=20160209.1158
0,69 €
1,73 € / kg

Külmutatud Tsaari salat BAUER, 400g
https://www.e-maxima.ee/SiteImages/Inventory/d/e/3/de363702-a410-46be-b120-78c80a2ff5a8.png?v=20160209.1158
0,79 €
1,98 € / kg

Külmut. Kus-Kus HORTEX, 400g
https://www.e-maxima.ee/SiteImages/Inventory/7/9/2/792688ed-21eb-4eaf-999a-60a7768d5493.png?v=20160209.1158
0,69 €
1,73 € / kg

Külmut. miniporgandid BAUER, 400g
https://www.e-maxima.ee/SiteImages/Inventory/3/2/c/32ca0e2f-4360-47f0-a606-b5e4880d5e7f.png?v=20160209.1158
0,95 €
2,38 € / kg

Külm. rohelised herned BAUER, 400g
https://www.e-maxima.ee/SiteImages/Inventory/0/9/d/09d6f921-cc84-4309-adf4-69e148f8b1a9.png?v=20160209.1158
0,89 €
2,23 € / kg

Külmutatud brokoli BAUER, 400g
https://www.e-maxima.ee/SiteImages/Inventory/6/4/e/64e95291-0bd6-4509-9eea-4ba5f5bb5430.png?v=20160209.1158
1,09 €
2,73 € / kg

Külm.šampin.supp ZELENAJA GRJADKA, 400g
https://www.e-maxima.ee/SiteImages/Inventory/e/8/0/e80bfc5e-0c52-48f9-a71f-91bb47146b0f.png?v=20160209.1158
0,79 €
1,98 € / kg

Külmut.metsaseenesupp BAUER, 400g
https://www.e-maxima.ee/SiteImages/Inventory/a/9/b/a9bf40bd-adbb-4ad5-bcbf-eb9294ac8611.png?v=20160209.1158
1,59 €
3,98 € / kg

Külm.wokisegu HÄRMAVILI, 400g
https://www.e-maxima.ee/SiteImages/Inventory/9/b/c/9bcf37bd-2de7-450e-8edb-bd30a5d8024d.png?v=20160209.1158
0,94 €
2,35 € / kg

Külm. aeduba HÄRMAVILI, 400g
https://www.e-maxima.ee/SiteImages/Inventory/e/e/3/ee36a070-145c-452d-898b-37c98b4cd9ac.png?v=20160209.1158
0,94 €
2,35 € / kg

Külm.brok.,lillkap.,porg.HÄRMAVILI,400g
https://www.e-maxima.ee/SiteImages/Inventory/d/f/9/df9a2793-3676-4030-866d-20e7f61f3933.png?v=20160209.1158
1,09 €
2,73 € / kg

Külm.pannkoogid 360g
https://www.e-maxima.ee/SiteImages/Inventory/0/0/6/00618272-b4a1-4d2d-bce5-b527db7a6cbf.png?v=20160209.1158
2,29 €
6,36 € / kg

Spagetid LAMOLISANA 500g
https://www.e-maxima.ee/SiteImages/Inventory/f/0/7/f073019c-394e-40a2-a8ea-26015d628ae8.png?v=20160209.1158
1,19 €
2,38 € / kg

Lasagne di sfoglia LAMOLISANA 500g
https://www.e-maxima.ee/SiteImages/Inventory/8/f/4/8f475815-325a-4ab3-8b53-f712789bae78.png?v=20160209.1158
2,19 €
4,38 € / kg

Makaronid niitpesad 3 GLOCKEN 500g
https://www.e-maxima.ee/SiteImages/Inventory/1/0/3/103cb6e2-1e74-44a9-b50f-cec627ebceb9.png?v=20160209.1158
1,99 €
3,98 € / kg

Makaronid Penn Ziti Rigate DIVELLA 500g
https://www.e-maxima.ee/SiteImages/Inventory/e/3/e/e3e648a7-d4c2-4e1f-a229-2c9f8bbfb118.png?v=20160209.1158
0,65 €
1,30 € / kg

Makaronid  Gomiti  DIVELLA  500g
https://www.e-maxima.ee/SiteImages/Inventory/c/6/f/c6f9a6bc-50c0-4e1e-9b22-a20fad9054ba.png?v=20160209.1158
0,65 €
1,30 € / kg

Makaronid Steline DIVELLA 500g
https://www.e-maxima.ee/SiteImages/Inventory/e/5/4/e547241f-a7bc-415a-99ee-0a8d77c17b6a.png?v=20160209.1158
0,65 €
1,30 € / kg

Makaronid Fusilli DIVELLA  500g
https://www.e-maxima.ee/SiteImages/Inventory/2/2/9/2292f568-ec6b-4bae-bf0d-e05290465ef6.png?v=20160209.1158
0,65 €
1,30 € / kg

Makaronid kodune nuudel 3GLOCKEN 500g
https://www.e-maxima.ee/SiteImages/Inventory/8/6/e/86e20707-b971-422d-9098-e3a4a6364803.png?v=20160209.1158
1,99 €
3,98 € / kg

Makaronid Capellini DIVELLA 500g
https://www.e-maxima.ee/SiteImages/Inventory/c/4/6/c4650152-8d2e-4348-bd9b-39582ffd53ec.png?v=20160209.1158
0,65 €
1,30 € / kg

Makaronid Ditali DIVELLA 500g
https://www.e-maxima.ee/SiteImages/Inventory/4/e/5/4e5bd9aa-04c7-473c-8946-bf015c819048.png?v=20160209.1158
0,65 €
1,30 € / kg

Makaronid  Anellini DIVELLA  500g
https://www.e-maxima.ee/SiteImages/Inventory/6/5/0/650f30ec-2c30-4e2b-b2ba-df72e2feba10.png?v=20160209.1158
0,65 €
1,30 € / kg

Makaronid Tagliateli DIVELLA 500g
https://www.e-maxima.ee/SiteImages/Inventory/0/0/6/006d3963-fa2d-4ca5-afea-90e0558acc24.png?v=20160209.1158
1,09 €
2,18 € / kg

Makaronid OPTIMA LINJA nuudlid 400g
https://www.e-maxima.ee/SiteImages/Inventory/d/d/3/dd3edcdb-423a-40ad-9b9e-0fde8dfed22b.png?v=20160209.1158
0,25 €
0,63 € / kg

Makaronid spiraalid  OPTIMA LINIJA  400g
https://www.e-maxima.ee/SiteImages/Inventory/6/e/5/6e5e00f6-8ead-4e82-b1a6-ba52944cdf97.png?v=20160209.1158
0,25 €
0,63 € / kg

Makaronid sarvekesed  OPTIMA LINJA 400g
https://www.e-maxima.ee/SiteImages/Inventory/c/1/5/c154d325-e1e5-4cb3-a5b1-3d631647c6e9.png?v=20160209.1158
0,20 €
0,50 € / kg

Makaronid  Lumache DIVELLA  500g
https://www.e-maxima.ee/SiteImages/Inventory/c/e/c/cec2b7c8-dab4-4138-a40e-d1b73854f1eb.png?v=20160209.1158
0,65 €
1,30 € / kg

Makaronid  DIVELLA SemeCicoria 500g
https://www.e-maxima.ee/SiteImages/Inventory/f/f/0/ff0f06c8-e2ed-4dc1-99ea-5340e6ac1837.png?v=20160209.1158
0,65 €
1,30 € / kg

Spagetid OPTIMA LINIJA 400 g
https://www.e-maxima.ee/SiteImages/Inventory/0/a/2/0a2ecf59-5626-4a63-945b-08f481b0fbb8.png?v=20160209.1158
0,29 €
0,73 € / kg

Tortellini juustu-singiga MELISSA 250g
https://www.e-maxima.ee/SiteImages/Inventory/6/7/f/67f0e37e-8f86-4e91-9208-a1269162b054.png?v=20160209.1158
1,25 €
5,00 € / kg

Tortellini juustuga MELISSA 250g
https://www.e-maxima.ee/SiteImages/Inventory/b/1/d/b1dcc563-c98e-4d53-b5c0-5f61402ac94d.png?v=20160209.1158
1,25 €
5,00 € / kg

Spagetid PASTA REGGIA 500g
https://www.e-maxima.ee/SiteImages/Inventory/5/c/9/5c961e62-68af-4302-8140-857fd4047fbe.png?v=20160209.1158
0,99 €
1,98 € / kg

Makaronid spiraalid PASTA REGGIA 500g
https://www.e-maxima.ee/SiteImages/Inventory/9/f/6/9f626a9e-583d-4713-b739-21545692a849.png?v=20160209.1158
0,99 €
1,98 € / kg

Makaronid Paternosti Lisci DIVELLA 500g
https://www.e-maxima.ee/SiteImages/Inventory/4/5/b/45b6cca9-f945-4065-bbbb-7d1471619fd0.png?v=20160209.1158
0,65 €
1,30 € / kg

Makaronid sarvekesed PASTA REGGIA 500g
https://www.e-maxima.ee/SiteImages/Inventory/f/d/3/fd382222-4de2-4d80-a9a6-8ef5a3c1edbd.png?v=20160209.1158
0,99 €
1,98 € / kg

Niitnuudlid PASTA REGGIA 500g
https://www.e-maxima.ee/SiteImages/Inventory/5/1/5/515e7bee-f0af-412b-8072-e8ecd31a6d8d.png?v=20160209.1158
0,99 €
1,98 € / kg

Makaronid spiraalid OPTIMA LINIJA 800g
https://www.e-maxima.ee/SiteImages/Inventory/e/c/2/ec2718ab-0c91-45e4-b1aa-6774d745f595.png?v=20160209.1158
0,45 €
0,56 € / kg

Spagetid n.5 PANZANI 500g
https://www.e-maxima.ee/SiteImages/Inventory/5/1/7/51717cb3-f59b-439a-b389-582242cf820d.png?v=20160209.1158
1,39 €
2,78 € / kg

Makaronid Penne Rigate PANZANI 500g
https://www.e-maxima.ee/SiteImages/Inventory/4/0/2/4028b823-f41f-40dd-9d09-48662fafa681.png?v=20160209.1158
1,29 €
2,58 € / kg

Makaronid Pipe Rigate PANZANI 500g
https://www.e-maxima.ee/SiteImages/Inventory/e/e/4/ee461c5a-ea0a-4a7f-a3fa-92aad6bfbee5.png?v=20160209.1158
1,39 €
2,78 € / kg

Makaronid Serpentini PANZANI 500g
https://www.e-maxima.ee/SiteImages/Inventory/b/b/7/bb73e24e-5d9e-4e04-b927-fe53b30cff74.png?v=20160209.1158
1,49 €
2,98 € / kg

Makaronid Macaroni PANZANI 500g
https://www.e-maxima.ee/SiteImages/Inventory/2/e/8/2e8b01b0-12e1-4760-b97b-4bbc749c70f9.png?v=20160209.1158
1,34 €
2,68 € / kg

Makaronid Farfalle PANZANI 500g
https://www.e-maxima.ee/SiteImages/Inventory/c/e/e/cee95cc6-03bf-4cd2-9a78-7eab475571b2.png?v=20160209.1158
1,44 €
2,88 € / kg

Torumakaronid LAMOLISANA 500g
https://www.e-maxima.ee/SiteImages/Inventory/0/8/9/08934c9d-3958-46bd-a50a-3d51447afc18.png?v=20160209.1158
1,19 €
2,38 € / kg

Makaronid spiraalid LAMOLISANA 500g
https://www.e-maxima.ee/SiteImages/Inventory/d/9/b/d9b1b184-4256-431a-b131-30ed1baa9a8c.png?v=20160209.1158
1,19 €
2,38 € / kg

Spagetid PANZANI 1kg
https://www.e-maxima.ee/SiteImages/Inventory/a/b/9/ab951129-36cc-43d6-94d6-b6f3aa562670.png?v=20160209.1158
2,57 €
2,57 € / kg

Makaronid Fusilli PANZANI 1kg
https://www.e-maxima.ee/SiteImages/Inventory/a/4/8/a48c1076-a797-4238-a3bc-8ef36a4e17ac.png?v=20160209.1158
2,59 €
2,59 € / kg

Makaron.teokarbid Conchiglie PANZANI500g
https://www.e-maxima.ee/SiteImages/Inventory/9/3/8/938f8160-97f5-4d57-8420-151fea869249.png?v=20160209.1158
1,39 €
2,78 € / kg

Pasta Reggia Ditalini väike toru 500g
https://www.e-maxima.ee/SiteImages/Inventory/4/5/a/45aeeaf0-0722-47a7-89c0-e526351e2f9c.png?v=20160209.1158
0,69 €
1,38 € / kg

Makaronid Penne Tartu Mill 500g
https://www.e-maxima.ee/SiteImages/Inventory/7/d/9/7d9309d2-a83b-4705-8a6c-a945d01e8822.png?v=20160209.1158
0,69 €
1,38 € / kg

Makaronid Fusilli Tartu Mill 500g
https://www.e-maxima.ee/SiteImages/Inventory/a/0/d/a0d71320-45a2-4a6b-b703-ad97e886a132.png?v=20160209.1158
0,69 €
1,38 € / kg

Makaronid Cornetti Tartu Mill 500g
https://www.e-maxima.ee/SiteImages/Inventory/5/1/1/51123e0e-4e85-40b6-bf91-2600bb8037a5.png?v=20160209.1158
0,69 €
1,38 € / kg

Makaronid Puntine TARTU MILL 500g
https://www.e-maxima.ee/SiteImages/Inventory/d/5/9/d59a8952-c02c-442f-848a-58b05b39c4d4.png?v=20160209.1158
0,69 €
1,38 € / kg

Makaronid Alfabeto Tartu Mill 500g
https://www.e-maxima.ee/SiteImages/Inventory/8/1/a/81a850fd-7ab2-48a0-9345-9faf7dde1646.png?v=20160209.1158
0,69 €
1,38 € / kg

Makaronid Filini Piccoli Tartu Mill 500g
https://www.e-maxima.ee/SiteImages/Inventory/0/c/b/0cbe1ddf-0389-4123-b09e-c062f17cd46e.png?v=20160209.1158
0,69 €
1,38 € / kg

Lühike jäme nuudel PASTA REGGIA 500g
https://www.e-maxima.ee/SiteImages/Inventory/0/f/e/0feca0d9-2139-4db0-8f7f-1329fec83fbd.png?v=20160209.1158
0,89 €
1,78 € / kg

Makaronid Elicoidali MAJORA 500g
https://www.e-maxima.ee/SiteImages/Inventory/f/9/6/f960c012-42a4-4bbd-a7c3-6b05e5be307f.png?v=20160209.1158
0,79 €
1,58 € / kg

Makaronid Fusillo MAJORA 500g
https://www.e-maxima.ee/SiteImages/Inventory/2/d/3/2d3d87f4-9dda-408b-ab7d-bb7348c3c770.png?v=20160209.1158
0,79 €
1,58 € / kg

Makaronid Penne Ziti Rigate MAJORA 500g
https://www.e-maxima.ee/SiteImages/Inventory/2/9/f/29f3379e-fb65-47b0-9d01-340dd706d9d9.png?v=20160209.1158
0,79 €
1,58 € / kg

Makaronid Abissina Rigata MAJORA 500g
https://www.e-maxima.ee/SiteImages/Inventory/3/0/e/30e432ee-4d3d-4835-80e3-439ef0cbf1e5.png?v=20160209.1158
0,79 €
1,58 € / kg

Makaronid Cappelini MAJORA 500g
https://www.e-maxima.ee/SiteImages/Inventory/9/b/b/9bbd7fba-3e21-4ea1-bebb-43decc182ef7.png?v=20160209.1158
0,79 €
1,58 € / kg

Nisutang OPTIMA LINIJA 800g
https://www.e-maxima.ee/SiteImages/Inventory/f/d/f/fdf4147d-101e-486a-a3fb-d2117eb5611d.png?v=20160209.1158
0,44 €
0,55 € / kg

Odratang OPTIMA LINIJA 800 g
https://www.e-maxima.ee/SiteImages/Inventory/0/1/d/01df916b-a6d7-4096-bec7-707254901525.png?v=20160209.1158
0,45 €
0,56 € / kg

Odrakruup OPTIMA LINIJA 800g
https://www.e-maxima.ee/SiteImages/Inventory/3/a/d/3adf2aee-9dff-43ea-903b-a0b79b4c644a.png?v=20160209.1158
0,42 €
0,53 € / kg

Punased läätsed MULLER&#39;S MUHLE 500g
https://www.e-maxima.ee/SiteImages/Inventory/3/6/6/3665a73f-e634-40ed-9a8a-7f0f8a767417.png?v=20160209.1158
1,65 €
3,30 € / kg

Riis Risotto Mediterraneo BOSTO 500g
https://www.e-maxima.ee/SiteImages/Inventory/4/3/9/439f1d80-fd69-467f-b787-728d35367cfa.png?v=20160209.1158
1,79 €
3,58 € / kg

Pikateral. hautatud riis BOSTO 4x125g
https://www.e-maxima.ee/SiteImages/Inventory/5/0/b/50bc458e-2dae-4788-9e35-6ea05bf66a8b.png?v=20160209.1158
1,39 €
2,78 € / kg

Pikateraline pruun riis BOSTO 4x125g
https://www.e-maxima.ee/SiteImages/Inventory/2/9/2/29230239-a138-4d31-8bdf-1f7700d5d108.png?v=20160209.1158
1,17 €
2,34 € / kg

Basmati riis BOSTO  4x125g
https://www.e-maxima.ee/SiteImages/Inventory/9/e/c/9ece1ef6-5109-46f0-bde7-9cfcdaf0afba.png?v=20160209.1158
1,99 €
3,98 € / kg

Jasmiini riis  THAI ROYAL BOSTO  4x125g
https://www.e-maxima.ee/SiteImages/Inventory/c/a/7/ca704c2b-1648-42a5-a444-baca0ad42470.png?v=20160209.1158
1,70 €
3,40 € / kg

Nisukliid MALSENA 200g
https://www.e-maxima.ee/SiteImages/Inventory/6/1/4/614242a6-ad09-4fdb-a9af-8fafa0e037c0.png?v=20160209.1158
0,34 €
1,70 € / kg

Manna OPTIMA LINIJA 800g
https://www.e-maxima.ee/SiteImages/Inventory/2/9/d/29dddaff-1166-490e-8b6c-def0495942e9.png?v=20160209.1158
0,49 €
0,61 € / kg

Poolik hernes  OPTIMA LINIJA 800g
https://www.e-maxima.ee/SiteImages/Inventory/4/2/a/42a382a4-216f-4cdc-b374-008772b9002a.png?v=20160209.1158
0,68 €
0,85 € / kg

Pikateraline  riis OPTIMA LINIJA 4x100g
https://www.e-maxima.ee/SiteImages/Inventory/9/d/d/9dd82b41-bf83-4e56-9dce-85c701dd17a0.png?v=20160209.1158
0,45 €
1,13 € / kg

Tatar OPTIMA LINIJA 4x100g
https://www.e-maxima.ee/SiteImages/Inventory/0/6/e/06e55d46-95c2-4a38-b0b4-14c7e0ee5b14.png?v=20160209.1158
0,65 €
1,63 € / kg

Aurutatud riis BALTIX 1kg
https://www.e-maxima.ee/SiteImages/Inventory/f/a/9/fa9fe22a-aa6f-4f40-b933-7f62c9969c66.png?v=20160209.1158
1,23 €
1,23 € / kg

Pikateraline riis BALTIX 1kg
https://www.e-maxima.ee/SiteImages/Inventory/9/f/0/9f0cb912-844f-4d43-9748-3d5d9b1c1261.png?v=20160209.1158
0,99 €
0,99 € / kg

Hernes kol. poolik BALTIX 1kg
https://www.e-maxima.ee/SiteImages/Inventory/1/9/6/19602b27-bece-497b-a756-29c3969fbedc.png?v=20160209.1158
0,99 €
0,99 € / kg

Hirss BALTIX 1kg
https://www.e-maxima.ee/SiteImages/Inventory/3/4/1/3412f662-9f20-413e-880e-45a9721d4d5c.png?v=20160209.1158
1,48 €
1,48 € / kg

Tatar BALTIX 1kg
https://www.e-maxima.ee/SiteImages/Inventory/2/a/d/2add8d4f-325b-4c75-aa64-1157c4adb9c2.png?v=20160209.1158
1,63 €
1,63 € / kg

Pikateraline riis MAXIMA FAVORIT 800g
https://www.e-maxima.ee/SiteImages/Inventory/6/e/a/6ea6e11f-05c1-4b1a-8fb1-cbe7c7c2b962.png?v=20160209.1158
0,82 €
1,03 € / kg

Aurutatud riis MAXIMA FAVORIT 800g
https://www.e-maxima.ee/SiteImages/Inventory/7/5/8/75808353-3b65-417a-b797-978d9f506735.png?v=20160209.1158
0,89 €
1,11 € / kg

Aurutatud riis BALTIX  4x100g
https://www.e-maxima.ee/SiteImages/Inventory/5/9/c/59c796ab-73f1-4e34-a46f-362ddf916ce3.png?v=20160209.1158
0,99 €
2,48 € / kg

Tatar BALTIX  4x100g
https://www.e-maxima.ee/SiteImages/Inventory/4/7/6/47608522-b4d4-4cde-84c1-b5506c2fbf72.png?v=20160209.1158
0,99 €
2,48 € / kg

Tatar MAXIMA Favorit 4x100g
https://www.e-maxima.ee/SiteImages/Inventory/0/6/e/06ec226b-bfd7-44d2-bb93-957084fcb7a3.png?v=20160209.1158
0,79 €
1,98 € / kg

Pikateraline riis MAXIMA Favorit 4x100g
https://www.e-maxima.ee/SiteImages/Inventory/3/3/d/33dfc5e8-0399-4024-bd46-856c5e6ae1cd.png?v=20160209.1158
0,55 €
1,38 € / kg

Risoto riis VESKI MATI 500g
https://www.e-maxima.ee/SiteImages/Inventory/4/b/d/4bd0ae5e-9221-4687-abcd-6cd88a600cb8.png?v=20160209.1158
1,39 €
2,78 € / kg

Basmati riis VESKI MATI 500g
https://www.e-maxima.ee/SiteImages/Inventory/1/a/f/1af72c4a-a2ea-4c25-936b-fa974ad1f403.png?v=20160209.1158
1,59 €
3,18 € / kg

Jasmiini riis VESKI MATI 500g
https://www.e-maxima.ee/SiteImages/Inventory/9/9/3/993e8936-c44f-4e67-a2fd-b1885254d8a6.png?v=20160209.1158
1,49 €
2,98 € / kg

Odrakruubid VESKI MATI 1kg
https://www.e-maxima.ee/SiteImages/Inventory/a/4/f/a4f7f6d1-c22c-4b60-9c38-5bfaa6f190ef.png?v=20160209.1158
0,99 €
0,99 € / kg

Lihvitud herned OPTIMA LINIJA 800g
https://www.e-maxima.ee/SiteImages/Inventory/a/9/8/a9857400-864d-4267-a398-620c7c6d285e.png?v=20160209.1158
0,64 €
0,80 € / kg

Ümarateraline riis BALTIX 1kg
https://www.e-maxima.ee/SiteImages/Inventory/e/e/6/ee6e2ace-20e9-4a77-9545-e4746f71407e.png?v=20160209.1158
1,81 €
1,81 € / kg

Tatar TARTU MILL 1kg
https://www.e-maxima.ee/SiteImages/Inventory/5/c/a/5cae37b7-118b-41b6-80e1-82175a0e231e.png?v=20160209.1158
1,79 €
1,79 € / kg

Pikateraline riis TARTU MILL1kg
https://www.e-maxima.ee/SiteImages/Inventory/5/b/b/5bb16031-b89e-44b2-abe4-c89e6bc9d188.png?v=20160209.1158
0,89 €
0,89 € / kg

Sõmer pikat. eelkeed.riis TARTU MILL1kg
https://www.e-maxima.ee/SiteImages/Inventory/5/8/0/580808f0-5d15-4561-ad17-8432c04c446a.png?v=20160209.1158
1,09 €
1,09 € / kg

Pikateraline riis OPTIMA LINIJA 8x100g
https://www.e-maxima.ee/SiteImages/Inventory/d/d/6/dd66e223-5cc1-46e4-a040-17ccd6de4a8e.png?v=20160209.1158
0,85 €
1,06 € / kg

Pikateraline riis MAXIMA Favorit 8x100g
https://www.e-maxima.ee/SiteImages/Inventory/e/e/5/ee53c238-470a-4594-a35a-9fea6c671858.png?v=20160209.1158
0,89 €
1,11 € / kg

Tatar MAXIMA Favorit 8x100g
https://www.e-maxima.ee/SiteImages/Inventory/9/a/8/9a8f75c5-7bfe-4400-b799-839cd0080c59.png?v=20160209.1158
1,49 €
1,86 € / kg

Valged oad MAXIMA FAVORIT 500g
https://www.e-maxima.ee/SiteImages/Inventory/7/5/4/75443314-a7b3-466d-bba2-90b6fd53b207.png?v=20160209.1158
1,29 €
2,58 € / kg

Läätsed MAXIMA FAVORIT 400g
https://www.e-maxima.ee/SiteImages/Inventory/3/4/4/34492d56-efac-4e7d-b3cb-ae257d2e9b12.png?v=20160209.1158
0,99 €
2,48 € / kg

Hirsitangud MAXIMA FAVORIT 400g
https://www.e-maxima.ee/SiteImages/Inventory/0/1/c/01cc2972-6417-4be4-826c-e4de96e40614.png?v=20160209.1158
0,55 €
1,38 € / kg

Kiirkeedu metsik riis RISO SCOTTI 255g
https://www.e-maxima.ee/SiteImages/Inventory/e/8/f/e8f58b0c-4853-4cb7-ae14-ac4814ce6624.png?v=20160209.1158
1,59 €
6,24 € / kg

Pikateraline riis RISO SCOTTI 1kg
https://www.e-maxima.ee/SiteImages/Inventory/8/8/9/889333c8-fe1b-412a-bc7a-7da1d3e10512.png?v=20160209.1158
1,69 €
1,69 € / kg

Pikateraline aurutat. riisRISO SCOTTI1kg
https://www.e-maxima.ee/SiteImages/Inventory/5/7/a/57a8d42a-76f8-403a-b181-2bb2beddc662.png?v=20160209.1158
1,99 €
1,99 € / kg

Risoto riis RISO SCOTTI 1kg
https://www.e-maxima.ee/SiteImages/Inventory/b/b/0/bb0c75df-9229-47c0-a49c-30dcdabc3d72.png?v=20160209.1158
2,49 €
2,49 € / kg

Aurutatud riis seentega RISO SCOTTI 210g
https://www.e-maxima.ee/SiteImages/Inventory/5/5/2/552223f3-efd6-42e2-b7f1-807b86d6ab30.png?v=20160209.1158
1,59 €
7,57 € / kg

Pikateraline riis RISO SCOTTI 4x125g
https://www.e-maxima.ee/SiteImages/Inventory/9/7/7/97732471-c732-41dc-83a6-5984058bec16.png?v=20160209.1158
1,45 €
2,90 € / kg

Eksoot. Basmati riis RISO SCOTTI 4x125g
https://www.e-maxima.ee/SiteImages/Inventory/9/1/a/91a7d510-61a9-4d33-a9a3-0816bb84624a.png?v=20160209.1158
2,19 €
4,38 € / kg

Pruun täisterariis RisaiaRISO SCOTTI500g
https://www.e-maxima.ee/SiteImages/Inventory/2/3/f/23fde1a0-5fb6-41da-9306-4b94c57b179d.png?v=20160209.1158
1,39 €
2,78 € / kg

Pikater. Jasmiini riis RISO SCOTTI 500g
https://www.e-maxima.ee/SiteImages/Inventory/2/4/2/24214b67-554c-4f7a-91df-a1b8d8f166f2.png?v=20160209.1158
1,69 €
3,38 € / kg

Pikateraline riis TARTU MILL 8x 125g
https://www.e-maxima.ee/SiteImages/Inventory/0/b/2/0b2f4217-d5e3-4407-9d95-6187ba7f7df1.png?v=20160209.1158
1,49 €
1,49 € / kg

Troopiline müsli JOE`S FARM 1kg
https://www.e-maxima.ee/SiteImages/Inventory/b/c/2/bc281df0-565b-4f59-a512-da0252e67447.png?v=20160209.1158
2,49 €
2,49 € / kg

Kiirkaerahelbed  MYLLYN PARAS 500g
https://www.e-maxima.ee/SiteImages/Inventory/b/2/a/b2a07119-1182-4f69-b0c4-4f0623850a08.png?v=20160209.1158
0,90 €
1,80 € / kg

Kiirkaerahelbed NORDIC 500g
https://www.e-maxima.ee/SiteImages/Inventory/d/3/c/d3c26a53-aab7-4bcc-a5f0-0ebe62626e6f.png?v=20160209.1158
0,81 €
1,62 € / kg

Riisihelbed NORDIC 3min 800g
https://www.e-maxima.ee/SiteImages/Inventory/6/1/1/611b2f6a-49db-4088-b32a-e87852be3124.png?v=20160209.1158
2,15 €
2,69 € / kg

Puuviljamüsli START 375g
https://www.e-maxima.ee/SiteImages/Inventory/1/d/e/1de47ff9-51e1-4c0c-9bf6-671b956c6da7.png?v=20160209.1158
1,59 €
4,24 € / kg

Kiirkaerapuder õunte,marjad.NORDIC 210g
https://www.e-maxima.ee/SiteImages/Inventory/2/6/3/2632e27b-6d65-42fc-a17b-2f8bac0122b8.png?v=20160209.1158
1,85 €
8,81 € / kg

Kaerahelbe kiirpud.vaar. QUICK&amp;TASTY 40g
https://www.e-maxima.ee/SiteImages/Inventory/a/2/0/a207326e-353b-44ec-917e-d430481dd2c4.png?v=20160209.1158
0,27 €
6,75 € / kg

Krõbe müsli šok. ja sarap.pähk.EMCO 375g
https://www.e-maxima.ee/SiteImages/Inventory/a/7/6/a76ef867-840a-4c2a-9419-0001ea475fec.png?v=20160209.1158
2,55 €
6,80 € / kg

Kiirkaerahelbed BALTIX 500g
https://www.e-maxima.ee/SiteImages/Inventory/1/8/d/18d8e583-ba88-415f-ab15-da348e62774b.png?v=20160209.1158
0,75 €
1,50 € / kg

Kiirkaerahelbed HELEN 500g
https://www.e-maxima.ee/SiteImages/Inventory/c/8/e/c8eacc22-091b-4aaa-abd5-0fbef901cf1c.png?v=20160209.1158
0,69 €
1,38 € / kg

Riisihelbed HELEN 500g
https://www.e-maxima.ee/SiteImages/Inventory/e/1/7/e17b995b-2dc4-44dc-be57-6a44c155541a.png?v=20160209.1158
1,15 €
2,30 € / kg

Neljaviljahelbed HELEN 500g
https://www.e-maxima.ee/SiteImages/Inventory/6/2/8/62862d89-0f49-4abc-8df0-4b0dd822a868.png?v=20160209.1158
0,75 €
1,50 € / kg

Täisterakaerahelbed HELEN 500g
https://www.e-maxima.ee/SiteImages/Inventory/c/0/4/c044eeb1-8f12-4f12-a802-854b0af82904.png?v=20160209.1158
0,95 €
1,90 € / kg

Tatrahelbed HELEN 500g
https://www.e-maxima.ee/SiteImages/Inventory/1/1/b/11b353ce-66d4-4939-874f-09e84310e0d2.png?v=20160209.1158
1,59 €
3,18 € / kg

Neljaviljahelbed MAXIMA FAVORIT 500g
https://www.e-maxima.ee/SiteImages/Inventory/3/0/2/302d4d17-ac49-4fa3-9985-51919fc4ab69.png?v=20160209.1158
0,68 €
1,36 € / kg

Kiirkaerahelbed MAXIMA FAVORIT 500g
https://www.e-maxima.ee/SiteImages/Inventory/c/1/3/c13c0e02-f6fc-4df9-8516-546797b0c9ee.png?v=20160209.1158
0,64 €
1,28 € / kg

Kaerahelbed 5 min MAXIMA FAVORIT 500g
https://www.e-maxima.ee/SiteImages/Inventory/7/7/2/772ec125-8427-4606-aa9b-0cb32b9135f8.png?v=20160209.1158
0,59 €
1,18 € / kg

Kaerahelbed jämedad VESKI MATI 1kg
https://www.e-maxima.ee/SiteImages/Inventory/c/a/6/ca621a1e-fc52-47f5-a81d-437905fb1455.png?v=20160209.1158
1,59 €
1,59 € / kg

Kolmeviljahelbed OPTIMA LINIJA 400g
https://www.e-maxima.ee/SiteImages/Inventory/4/7/8/478acc31-7320-41f7-becc-6956e7af85ad.png?v=20160209.1158
0,49 €
1,23 € / kg

Odrahelbed OPTIMA LINIJA 400g
https://www.e-maxima.ee/SiteImages/Inventory/6/1/4/614092a1-ef78-41f5-b2da-69562dad733c.png?v=20160209.1158
0,43 €
1,08 € / kg

Kiirkaerahelbed NORDIC 1.5kg
https://www.e-maxima.ee/SiteImages/Inventory/7/a/8/7a8da184-a68d-45f3-9409-2196db63f13b.png?v=20160209.1158
2,59 €
1,73 € / kg

Neljaviljahelbed NORDIC 3min 600g
https://www.e-maxima.ee/SiteImages/Inventory/e/9/8/e98ba1d9-dedb-415a-842a-454e6ea9ecd8.png?v=20160209.1158
0,89 €
1,48 € / kg

Kaerahelbed TARTU MILL 500g
https://www.e-maxima.ee/SiteImages/Inventory/0/0/5/005399de-0338-4894-a95d-c7f7e796f056.png?v=20160209.1158
0,54 €
1,08 € / kg

Troopiline müsli meega START 375g
https://www.e-maxima.ee/SiteImages/Inventory/f/8/4/f845470f-bcf9-4687-ae59-d63b2c57efe0.png?v=20160209.1158
1,85 €
4,93 € / kg

Tatrahelbed BALTIX 500g
https://www.e-maxima.ee/SiteImages/Inventory/1/5/d/15d38a91-211f-47ac-94b9-8ce9e7661816.png?v=20160209.1158
1,29 €
2,58 € / kg

Riisihelbed BALTIX 500g
https://www.e-maxima.ee/SiteImages/Inventory/2/0/4/204a928e-a27c-477d-9d77-8f901f290f25.png?v=20160209.1158
0,90 €
1,80 € / kg

Viieviljahelbed NORDIC 600g
https://www.e-maxima.ee/SiteImages/Inventory/7/c/4/7c4ccd08-79a7-481e-9ca9-f10f36bed1e7.png?v=20160209.1158
1,19 €
1,98 € / kg

Nisuhelbed NORDIC 600g
https://www.e-maxima.ee/SiteImages/Inventory/1/8/2/1828e0d5-1a3e-49d3-8d2f-ce1de187e1ab.png?v=20160209.1158
0,99 €
1,65 € / kg

Riis šok.röst.Coco Pops KELLOGG&#39;S 285g
https://www.e-maxima.ee/SiteImages/Inventory/d/5/5/d555b838-f60e-48ee-b447-15a204536502.png?v=20160209.1158
2,23 €
7,82 € / kg

Maisihelbed KELLOGG&#39;S 375g
https://www.e-maxima.ee/SiteImages/Inventory/c/6/a/c6a17dff-6c25-4b22-812a-4dbd5c64f224.png?v=20160209.1158
2,15 €
5,73 € / kg

Padjakesed šokolaadimait.täid.START 250g
https://www.e-maxima.ee/SiteImages/Inventory/b/f/7/bf724acd-597b-47b7-abbe-cf0fcdfe7d37.png?v=20160209.1158
1,25 €
5,00 € / kg

Riisi-,nisuh. Special K  KELLOGG&#39;S 375g
https://www.e-maxima.ee/SiteImages/Inventory/3/5/1/351cc533-9e97-448d-9eb4-e80fc1e25675.png?v=20160209.1158
2,85 €
7,60 € / kg

Batoon.piima ja helv.CiniMinis NESTLE25g
https://www.e-maxima.ee/SiteImages/Inventory/f/e/c/fec160cc-86dc-4ca8-8f00-1fc97fa92db7.png?v=20160209.1158
0,30 €
12,00 € / kg

Müslibatoon piimašok.Extra Big CORNY 50g
https://www.e-maxima.ee/SiteImages/Inventory/4/8/a/48a5ba8b-8aae-4edf-9a31-2e2b69c575ae.png?v=20160209.1158
0,62 €
12,40 € / kg

Müslibat. šok.maapähkl. ExtraBigCORNY50g
https://www.e-maxima.ee/SiteImages/Inventory/c/1/6/c16f80dd-d353-4f42-a1cc-df65b03d5b41.png?v=20160209.1158
0,62 €
12,40 € / kg

Teraviljahelbed kakaoga OHO 150g
https://www.e-maxima.ee/SiteImages/Inventory/c/6/0/c6074133-4502-420c-aa77-7184d3f8ac3b.png?v=20160209.1158
0,85 €
5,67 € / kg

Riis šokolaadiga  OHO 150g
https://www.e-maxima.ee/SiteImages/Inventory/1/0/9/109d5e88-762d-4730-aaee-043443f306c0.png?v=20160209.1158
0,85 €
5,67 € / kg

H.söök kaneeli padjak.CERERA 170g
https://www.e-maxima.ee/SiteImages/Inventory/e/4/b/e4b7fa20-950d-4b55-b0e4-893d52d8929b.png?v=20160209.1158
0,85 €
5,00 € / kg

Röstitud müsli puuviljadega SANTE 350g
https://www.e-maxima.ee/SiteImages/Inventory/5/9/0/5902286d-c8c2-4b14-906d-e24614fe80b1.png?v=20160209.1158
1,62 €
4,63 € / kg

Röstitud müsli banaani ja šok.SANTE 350g
https://www.e-maxima.ee/SiteImages/Inventory/f/0/9/f09d4546-7e42-4bd4-864e-745258170ed3.png?v=20160209.1158
1,62 €
4,63 € / kg

Müslibatoon. kirsidega NESTLE40g
https://www.e-maxima.ee/SiteImages/Inventory/1/0/d/10d0f220-9242-4136-9b74-d10ce6c1c2a1.png?v=20160209.1158
0,55 €
13,75 € / kg

Müslibatoon. šokolaadiga NESTLE 40g
https://www.e-maxima.ee/SiteImages/Inventory/7/2/7/727b9e52-c1ef-4ed3-b494-5ae359a3b7ad.png?v=20160209.1158
0,55 €
13,75 € / kg

Müslibatoon.küpsisega  ExtraBigCORNY50g
https://www.e-maxima.ee/SiteImages/Inventory/a/3/2/a3249660-3521-4180-997f-f7601b406604.png?v=20160209.1158
0,62 €
12,40 € / kg

Naturaalne röstitud müsli SANTE 350g
https://www.e-maxima.ee/SiteImages/Inventory/d/1/c/d1cbfc77-076f-4cd9-bd3e-50a479c91c7d.png?v=20160209.1158
1,95 €
5,57 € / kg

Hommikuhelbed NESTLE Cheerios meega 215g
https://www.e-maxima.ee/SiteImages/Inventory/3/d/f/3df36ce6-c835-40bb-a850-9e9092b15cb3.png?v=20160209.1158
1,79 €
8,33 € / kg

Hommikuhelbed NESTLE Cini-Minis 450g
https://www.e-maxima.ee/SiteImages/Inventory/1/f/f/1ffe4a92-eff5-40ab-a39d-22b84788df22.png?v=20160209.1158
2,75 €
6,11 € / kg

Hommikuhelbed NESTLE Cookie Crisp  425g
https://www.e-maxima.ee/SiteImages/Inventory/f/d/3/fd3de6a7-1799-4e15-b97c-fa82bafda051.png?v=20160209.1158
2,75 €
6,47 € / kg

Hommikuhelbed NESTLE  Nesquik 450g
https://www.e-maxima.ee/SiteImages/Inventory/5/4/8/5486c9e3-eae9-42d6-91a9-676170cdf6db.png?v=20160209.1158
2,75 €
6,11 € / kg

Hommikuhelbed NESTLE  Nesquik DUO 215g
https://www.e-maxima.ee/SiteImages/Inventory/a/4/f/a4f4aef9-5772-4199-bedb-1c02cd7664f6.png?v=20160209.1158
1,85 €
8,60 € / kg

Hommikuhelbed NESTLE Chocapic 450g
https://www.e-maxima.ee/SiteImages/Inventory/2/a/9/2a92d3e8-4196-4ebb-a83a-060b02512d8e.png?v=20160209.1158
3,45 €
7,67 € / kg

Kuiv hommikusook KAKAO RÕNGAD 150g
https://www.e-maxima.ee/SiteImages/Inventory/c/1/7/c17f49cf-ff48-4117-b8f0-d383c2854dc8.png?v=20160209.1158
0,35 €
2,33 € / kg

Teraviljapadjakesed kakaokreemit.WOW100g
https://www.e-maxima.ee/SiteImages/Inventory/b/1/9/b194df8a-93da-42a2-b57e-e658b64d5473.png?v=20160209.1158
0,52 €
5,20 € / kg

Teraviljapad.metspähklim.kreemit.WOW100g
https://www.e-maxima.ee/SiteImages/Inventory/a/a/1/aa14176e-b3bc-4139-96cd-a24fda4a7546.png?v=20160209.1158
0,57 €
5,70 € / kg

Hommikuhelbed Cini-Minis NESTLE 625g
https://www.e-maxima.ee/SiteImages/Inventory/b/e/3/be38053f-8cfb-42b7-9852-d469b0092eda.png?v=20160209.1158
4,49 €
7,18 € / kg

Hommikuhelbed Nesquik NESTLE 625g
https://www.e-maxima.ee/SiteImages/Inventory/5/e/1/5e17dfef-fe5c-467f-b9b7-983684f4d34c.png?v=20160209.1158
4,49 €
7,18 € / kg

Kakaomaitselised teokarbid DINO 200g
https://www.e-maxima.ee/SiteImages/Inventory/c/1/6/c164ea03-27e9-4e3d-b6f4-094ae97ae192.png?v=20160209.1158
0,75 €
3,75 € / kg

Röstitud müsli pun. marjadega SANTE350g
https://www.e-maxima.ee/SiteImages/Inventory/a/6/6/a66fd4e0-b42b-4023-bf65-a34b6eac0218.png?v=20160209.1158
1,95 €
5,57 € / kg

Maisihelbed mee ja pähklitega DINO 250g
https://www.e-maxima.ee/SiteImages/Inventory/6/1/b/61b2b9a6-d5cd-42aa-8e76-6c5ee8f05210.png?v=20160209.1158
0,69 €
2,76 € / kg

Maisihelbed CHIPPY 500g
https://www.e-maxima.ee/SiteImages/Inventory/a/8/f/a8fb782f-724f-4bae-957f-dcc53fbbedbb.png?v=20160209.1158
1,35 €
2,70 € / kg

Neljavilja krõbusk BALSNACK 150g
https://www.e-maxima.ee/SiteImages/Inventory/3/d/6/3d6b54d8-cc23-4481-be6b-9c842645402f.png?v=20160209.1158
0,75 €
5,00 € / kg

Hommikuhelbed NESTLE Cookie Crisp 625g
https://www.e-maxima.ee/SiteImages/Inventory/7/9/3/793b5c97-271d-47e0-a786-6be11e56c800.png?v=20160209.1158
4,49 €
7,18 € / kg

Šokolaadimait.maisipallikesed DISNEY225g
https://www.e-maxima.ee/SiteImages/Inventory/5/1/c/51cb4c21-dbc7-4f31-b06d-71dd8d4dbbd7.png?v=20160209.1158
1,39 €
6,18 € / kg

Šokolaadimait.maisihelbed DISNEY 225g
https://www.e-maxima.ee/SiteImages/Inventory/a/6/d/a6d3eea5-c054-4220-8bcc-985164803b06.png?v=20160209.1158
1,39 €
6,18 € / kg

Kaneelimait.maisihelbed DISNEY 225g
https://www.e-maxima.ee/SiteImages/Inventory/c/c/8/cc8ddf56-b22c-408f-b6b6-041e06a62b23.png?v=20160209.1158
1,39 €
6,18 € / kg

Nisu meega CERERA 150g
https://www.e-maxima.ee/SiteImages/Inventory/2/5/8/25803d01-401f-405a-89a0-f9f006875240.png?v=20160209.1158
0,85 €
5,67 € / kg

Šokolaadimaits.pallikesed CERERA 150g
https://www.e-maxima.ee/SiteImages/Inventory/3/5/a/35a30034-846b-48da-8510-bd1efeb32610.png?v=20160209.1158
0,79 €
5,27 € / kg

Riis šokolaadiga CERERA 150g
https://www.e-maxima.ee/SiteImages/Inventory/3/9/a/39a30786-870b-42e5-859d-bd4b5bafd55e.png?v=20160209.1158
0,69 €
4,60 € / kg

Batoon.šokolaadiga DISNEY 22g
https://www.e-maxima.ee/SiteImages/Inventory/f/4/b/f4bc272a-fc38-4e1f-ae9a-3537f06d366a.png?v=20160209.1158
0,19 €
8,64 € / kg

Batoon.kaneeliga DISNEY 22g
https://www.e-maxima.ee/SiteImages/Inventory/3/2/d/32d51b60-8275-4007-9fdb-13fb8a5467ec.png?v=20160209.1158
0,19 €
8,64 € / kg

H.helbed Cheerios Oats NESTLE350g
https://www.e-maxima.ee/SiteImages/Inventory/2/6/3/263faf12-40d2-478c-b144-e4969dff0f3b.png?v=20160209.1158
2,89 €
8,26 € / kg

Kaerahelb. kaneeliga NESTLE Cheerios350g
https://www.e-maxima.ee/SiteImages/Inventory/0/5/b/05b14815-ac69-4b0e-acf8-d598faa503cc.png?v=20160209.1158
2,89 €
8,26 € / kg

Hommikuhelbed Fitness NESTLE 375g
https://www.e-maxima.ee/SiteImages/Inventory/b/9/f/b9f9be43-7970-4e09-b064-7ef65f47e4c4.png?v=20160209.1158
2,99 €
7,97 € / kg

Hommikuhelbed Fitness Fruits NESTLE 375g
https://www.e-maxima.ee/SiteImages/Inventory/4/6/7/467e090a-bd31-4f60-a1e0-4dcad93252d5.png?v=20160209.1158
2,99 €
7,97 € / kg

Pannkoogijahu VILMA 500g
https://www.e-maxima.ee/SiteImages/Inventory/0/3/0/030ed2b7-a922-4b0e-9301-9dde96756a4d.png?v=20160209.1158
0,99 €
1,98 € / kg

Pitsapõhjapulber VILMA 400g
https://www.e-maxima.ee/SiteImages/Inventory/c/1/6/c16255c8-ff68-44d6-aa10-ab6747f5f43d.png?v=20160209.1158
1,07 €
2,68 € / kg

Nisujahu k/s  T-550 KALEW 2,0kg
https://www.e-maxima.ee/SiteImages/Inventory/5/a/f/5af698ff-dd56-4166-9d52-dde22ab4784a.png?v=20160209.1158
1,09 €
0,55 € / kg

Nisujahu k/s KALEW 1,0 kg
https://www.e-maxima.ee/SiteImages/Inventory/f/5/f/f5f860df-5fba-4752-a4bf-5a2bdd2b3a7a.png?v=20160209.1158
0,62 €
0,62 € / kg

Eesti nisujahu k/s T-405 KALEW  1kg
https://www.e-maxima.ee/SiteImages/Inventory/8/8/6/886d34b2-43e4-4ecb-8ad8-fad3c9b8f920.png?v=20160209.1158
0,65 €
0,65 € / kg

Nisujahu  1.sort T-812 OPTIMA LINIJA 2kg
https://www.e-maxima.ee/SiteImages/Inventory/8/1/4/814b0d8b-f01f-44f0-9c95-7bf922ae25bf.png?v=20160209.1158
0,71 €
0,36 € / kg

Muffinipulber VILMA 400g
https://www.e-maxima.ee/SiteImages/Inventory/c/8/4/c84153b3-6400-4330-9422-f99a87f7f351.png?v=20160209.1158
0,99 €
2,48 € / kg

Šokolaadimuffinipulber VILMA 400g
https://www.e-maxima.ee/SiteImages/Inventory/0/c/6/0c67303b-0150-476e-80ec-225c6f1762d9.png?v=20160209.1158
0,99 €
2,48 € / kg

Nisujahu KALEW kõrgem sort T-405 2kg
https://www.e-maxima.ee/SiteImages/Inventory/e/b/b/ebbfa718-383f-4f11-b130-25ff3fca983d.png?v=20160209.1158
1,25 €
0,63 € / kg

Nisujahu kõrg.s.T-550 MAXIMA FAVORIT 2kg
https://www.e-maxima.ee/SiteImages/Inventory/4/f/d/4fd30a8b-705b-48e6-973b-ec1be708819e.png?v=20160209.1158
0,89 €
0,45 € / kg

Täisteranisujahu VESKI MATI 1kg
https://www.e-maxima.ee/SiteImages/Inventory/5/8/7/587af151-204e-4c1f-9e6e-225e4b7c8f33.png?v=20160209.1158
0,90 €
0,90 € / kg

Kaerajahu VESKI MATI 700g
https://www.e-maxima.ee/SiteImages/Inventory/3/3/8/33805217-c8f6-4437-a272-bd676deda099.png?v=20160209.1158
1,10 €
1,57 € / kg

Tatrajahu VESKI MATI 1kg
https://www.e-maxima.ee/SiteImages/Inventory/f/8/f/f8ff281a-9719-4805-bdc5-f98e784bcb81.png?v=20160209.1158
2,19 €
2,19 € / kg

Riisijahu VESKI MATI 1kg
https://www.e-maxima.ee/SiteImages/Inventory/9/c/4/9c4792ef-cfa7-4d1e-aade-5583abdf528c.png?v=20160209.1158
1,46 €
1,46 € / kg

Kamajahu TARTU MILL 400g
https://www.e-maxima.ee/SiteImages/Inventory/c/e/c/cecb81ae-5ed6-4cf3-ad04-c651f5d524ea.png?v=20160209.1158
1,44 €
3,60 € / kg

Kodukeeksipulber TARTU MILL 450g
https://www.e-maxima.ee/SiteImages/Inventory/c/2/2/c22e117e-b19f-419a-9e6f-6a9173c45232.png?v=20160209.1158
1,18 €
2,62 € / kg

Õhukeste pannkookide jahu TARTU MILL400g
https://www.e-maxima.ee/SiteImages/Inventory/4/5/2/452be481-dae8-469e-93eb-1f17e274f115.png?v=20160209.1158
0,85 €
2,13 € / kg

Pärmitaigna pannkoogijahu TARTU MILL500g
https://www.e-maxima.ee/SiteImages/Inventory/9/b/7/9b7fd085-37e7-496c-bead-20ef1fec2cec.png?v=20160209.1158
1,17 €
2,34 € / kg

Pitsapõhjapulber TARTU MILL 400g
https://www.e-maxima.ee/SiteImages/Inventory/9/f/d/9fd4a0f7-0a0e-4331-9ad9-de9b205dac0f.png?v=20160209.1158
0,81 €
2,03 € / kg

Plaadikook TARTU MILL 400g
https://www.e-maxima.ee/SiteImages/Inventory/6/0/d/60da9b3e-fd52-449b-9695-d8d23ae1cb77.png?v=20160209.1158
1,05 €
2,63 € / kg

Rukkitäisterajahu TARTU MILL 1,5kg
https://www.e-maxima.ee/SiteImages/Inventory/c/d/e/cde3eed2-0140-479e-945b-c78ea543b0bc.png?v=20160209.1158
0,98 €
0,65 € / kg

Ülepannkoogijahu MALSENA 400g
https://www.e-maxima.ee/SiteImages/Inventory/6/a/3/6a31af1c-6127-4ccf-99c0-4ae7643a590a.png?v=20160209.1158
0,89 €
2,23 € / kg

Pärmipannkookide jahu MALSENA 400g
https://www.e-maxima.ee/SiteImages/Inventory/8/7/3/87397164-8fd6-4346-962e-f158c1595ceb.png?v=20160209.1158
0,89 €
2,23 € / kg

Juubeli tordipulber Tartu Mill 450g
https://www.e-maxima.ee/SiteImages/Inventory/a/4/5/a45f646f-8762-4aa0-80ef-dd0ec43721ed.png?v=20160209.1158
0,85 €
1,89 € / kg

Pärmitaigna jahusegu TARTU MILL 508 g
https://www.e-maxima.ee/SiteImages/Inventory/f/5/6/f5642e90-2088-49d4-ad77-a434bf42965f.png?v=20160209.1158
1,16 €
2,28 € / kg

Rukkijahu MAXIMA FAVORIT 1kg
https://www.e-maxima.ee/SiteImages/Inventory/8/b/8/8b852974-9478-4575-866a-beb84553969b.png?v=20160209.1158
0,63 €
0,63 € / kg

Pille pisikesed pannkoogidTARTU MILL400g
https://www.e-maxima.ee/SiteImages/Inventory/a/6/2/a62c2911-7f75-4fd7-8727-fe97915bd15b.png?v=20160209.1158
1,13 €
2,83 € / kg

Täistera nisujahu TARTU MILL1kg
https://www.e-maxima.ee/SiteImages/Inventory/0/f/8/0f82ad11-5af6-482a-bbf9-da7be6534e51.png?v=20160209.1158
0,85 €
0,85 € / kg

Majonees   Provansaal TARPLAN 50% 230g
https://www.e-maxima.ee/SiteImages/Inventory/8/a/4/8a469473-4463-4a0d-8718-4f20910040da.png?v=20160209.1158
0,45 €
1,96 € / kg

Majonees Provansaal TARPLAN 50% 900g
https://www.e-maxima.ee/SiteImages/Inventory/7/8/c/78c096cc-4878-4c7f-aa43-fb520199c9cf.png?v=20160209.1158
1,99 €
2,21 € / kg

Majonees Provansaal TARPLAN 50%430g tops
https://www.e-maxima.ee/SiteImages/Inventory/f/e/d/fed64596-a045-4a3f-b28b-6b9da74bd409.png?v=20160209.1158
0,89 €
2,07 € / kg

Majonees Kerge FELIX 3% 455g
https://www.e-maxima.ee/SiteImages/Inventory/9/4/2/9428901c-551e-42a9-893a-878c00966eb0.png?v=20160209.1158
1,41 €
3,10 € / kg

Majonees Kerge FELIX 3% 880g
https://www.e-maxima.ee/SiteImages/Inventory/b/3/0/b3097e9e-7ffb-4d1d-909d-fc8a1d0a5c7a.png?v=20160209.1158
1,59 €
1,81 € / kg

Majonees HELLMANN&#39;S Original, 650ml
https://www.e-maxima.ee/SiteImages/Inventory/6/0/f/60fb2206-894d-45d7-9da5-f2c11c930bb2.png?v=20160209.1158
1,99 €
3,06 € / l

Majonees  Provansaal TARPLAN 50% 450g
https://www.e-maxima.ee/SiteImages/Inventory/4/d/0/4d0ff035-d05c-4b22-905d-ffb470295347.png?v=20160209.1158
1,09 €
2,42 € / kg

Mädarõikamaits.majonees SALVEST 19% 290g
https://www.e-maxima.ee/SiteImages/Inventory/1/4/8/148b0cb8-a104-490c-bef6-c2d9222c3194.png?v=20160209.1158
0,99 €
3,41 € / kg

Majoneesi-ketšupikaste TARPLAN 450g
https://www.e-maxima.ee/SiteImages/Inventory/4/b/b/4bb4ecdf-dc84-4ae1-8c40-8c5daf3215c1.png?v=20160209.1158
1,10 €
2,44 € / kg

Majonees HELLMANN&#39;S  Original 75% 420ml
https://www.e-maxima.ee/SiteImages/Inventory/c/d/c/cdc48682-c5d4-4b22-9984-74d33539fdec.png?v=20160209.1158
1,87 €
4,45 € / l

Majonees Klassikaline FELIX 45% 420g
https://www.e-maxima.ee/SiteImages/Inventory/b/5/f/b5fd4be6-a0f7-4bd2-9dab-8b13bfecf96d.png?v=20160209.1158
1,40 €
3,33 € / kg

Majonees HELLMANN&#39;S LIGHT 27% 420 ml
https://www.e-maxima.ee/SiteImages/Inventory/6/3/8/638b2ce6-c8f6-480b-ae8a-906ad1b15759.png?v=20160209.1158
1,89 €
4,50 € / l

Majonees Provansaal JAANI 40% 230g
https://www.e-maxima.ee/SiteImages/Inventory/d/c/7/dc7d5cf7-193b-4ffd-b136-a7fcb6c2b7e1.png?v=20160209.1158
0,59 €
2,57 € / kg

Majonees Klassikaline FELIX 45% 830g
https://www.e-maxima.ee/SiteImages/Inventory/8/7/2/872b9f34-73ec-496f-8fc6-a9a1d19af3f1.png?v=20160209.1158
1,59 €
1,92 € / kg

Majonees Apetitnōi CUMAK 385g
https://www.e-maxima.ee/SiteImages/Inventory/a/d/9/ad94406d-f8fa-402a-93c2-991eea32cee8.png?v=20160209.1158
0,79 €
2,05 € / kg

Kartulikaste FELIX 440g
https://www.e-maxima.ee/SiteImages/Inventory/6/f/e/6fea8bf9-d0c6-4c1e-a22d-3747e1f38888.png?v=20160209.1158
1,65 €
3,75 € / kg

Burgerikaste FELIX 445g
https://www.e-maxima.ee/SiteImages/Inventory/a/b/c/abc8e199-44f2-429f-add1-27f5507fe1bd.png?v=20160209.1158
1,66 €
3,73 € / kg

Võileivamajonees HELLMANN&#39;S 400ml
https://www.e-maxima.ee/SiteImages/Inventory/5/7/1/57101c2e-0117-4f02-8fe9-a1123fe865ed.png?v=20160209.1158
2,39 €
5,98 € / l

Majonees Kodune lakt.vaba JAANI 700ml
https://www.e-maxima.ee/SiteImages/Inventory/4/e/0/4e03988d-1148-440f-8995-4065ce0761c0.png?v=20160209.1158
1,25 €
1,79 € / l

Majonees provansaal LEMMIK 405 ml
https://www.e-maxima.ee/SiteImages/Inventory/a/8/b/a8bf17fc-b856-498d-a37c-f04d2ec3f13f.png?v=20160209.1158
0,99 €
2,44 € / l

Majonees Provansaal LEMMIK, 700ml
https://www.e-maxima.ee/SiteImages/Inventory/2/c/d/2cdf7135-51dd-4180-82e5-f2d5f0d2e453.png?v=20160209.1158
1,69 €
2,41 € / l

Majonees Provansaal TARPLAN 410g
https://www.e-maxima.ee/SiteImages/Inventory/9/3/d/93d8366e-bc58-4c13-9160-d06937ebe921.png?v=20160209.1158
0,89 €
2,17 € / kg

Majonees Provansaal Premium TARPLAN 210g
https://www.e-maxima.ee/SiteImages/Inventory/2/4/1/241e4c98-1661-42e6-bd4a-50092c2e54ff.png?v=20160209.1158
0,79 €
3,76 € / kg

Salatikaste küüslauguga TARPLAN 230g
https://www.e-maxima.ee/SiteImages/Inventory/4/d/c/4dc9d294-26cb-4464-85a2-2fb0a66e483d.png?v=20160209.1158
0,89 €
3,87 € / kg

Salatikaste kalale TARPLAN 230g
https://www.e-maxima.ee/SiteImages/Inventory/c/d/1/cd100bfe-2b42-4a19-8626-c11d7b94d9e8.png?v=20160209.1158
0,89 €
3,87 € / kg

Salatikaste seentega TARPLAN 230g
https://www.e-maxima.ee/SiteImages/Inventory/b/a/3/ba3f0edd-32e7-4a4a-880e-52f4dad8be18.png?v=20160209.1158
0,89 €
3,87 € / kg

Majonees provansaal SALVEST 490g
https://www.e-maxima.ee/SiteImages/Inventory/d/9/7/d97a97c5-ea2f-4635-9909-664cb56f674d.png?v=20160209.1158
1,69 €
3,45 € / kg

Majonees Vutimunaga MR RICCO67%,205g
https://www.e-maxima.ee/SiteImages/Inventory/5/3/3/533df8f4-9a8b-4de2-b6c3-2053485caa97.png?v=20160209.1158
0,75 €
3,66 € / kg

Majonees Oliivi 67% MR RICCO 205g
https://www.e-maxima.ee/SiteImages/Inventory/c/a/b/cab8074e-5faa-4fa9-952c-f06b6585a8a7.png?v=20160209.1158
0,75 €
3,66 € / kg

Majonees Provansaal 67%MR RICCO 205g
https://www.e-maxima.ee/SiteImages/Inventory/5/0/2/5028c89a-2115-404d-846b-7c846d9d8a4b.png?v=20160209.1158
0,75 €
3,66 € / kg

Salatikaste jogurtimaits. KÜHNE 500ml
https://www.e-maxima.ee/SiteImages/Inventory/d/2/1/d214ab94-d0bf-46a7-b4eb-dd2cae77a22f.png?v=20160209.1158
1,76 €
3,52 € / l

Tuhande saare kaste KUHNE 500ml
https://www.e-maxima.ee/SiteImages/Inventory/4/c/2/4c29131b-c512-400b-8e73-f19f8d4843a0.png?v=20160209.1158
1,71 €
3,42 € / l

Kaste KUHNE American Caesar 500ml
https://www.e-maxima.ee/SiteImages/Inventory/b/3/f/b3feaf89-650a-4928-99d2-8d300c523c49.png?v=20160209.1158
2,21 €
4,42 € / l

Vortšesteri kaste VITANA 190g
https://www.e-maxima.ee/SiteImages/Inventory/2/1/f/21fe7661-6dc7-4acd-8414-865620980b45.png?v=20160209.1158
0,85 €
4,47 € / kg

Küüslaugukaste HELLMANN&#39;S 250ml
https://www.e-maxima.ee/SiteImages/Inventory/f/3/3/f330185b-634c-453b-8cdd-d8adb9c04256.png?v=20160209.1158
1,85 €
7,40 € / l

Kaste Thousand Island FELIX 375g
https://www.e-maxima.ee/SiteImages/Inventory/0/4/a/04acf22c-638e-4ac6-8ba3-901fd4b67e25.png?v=20160209.1158
1,79 €
4,77 € / kg

Küüslaugu Salatikaste FELIX 375g
https://www.e-maxima.ee/SiteImages/Inventory/e/2/6/e26146d7-cc2e-4e2c-9260-a00047934222.png?v=20160209.1158
1,79 €
4,77 € / kg

Klassikaline Salatikaste FELIX 375g
https://www.e-maxima.ee/SiteImages/Inventory/a/6/8/a689aa64-5340-439d-ae63-b6aac636fb3a.png?v=20160209.1158
1,89 €
5,04 € / kg

Itaalia Salatikaste FELIX 375g
https://www.e-maxima.ee/SiteImages/Inventory/e/2/9/e297fb57-2839-48e6-97c5-5bb47c30d78c.png?v=20160209.1158
1,89 €
5,04 € / kg

Prantsuse sinepikaste TŠUMAK 200g
https://www.e-maxima.ee/SiteImages/Inventory/f/5/b/f5b87d39-fdf2-4814-bc69-8193fd9a6966.png?v=20160209.1158
0,79 €
3,95 € / kg

Tartar-kaste TŠUMAK 200g
https://www.e-maxima.ee/SiteImages/Inventory/5/4/9/54971ede-4397-4984-879c-0bd688160448.png?v=20160209.1158
0,79 €
3,95 € / kg

Mango-tšillikaste FELIX Special 285g
https://www.e-maxima.ee/SiteImages/Inventory/b/5/4/b5476d4a-24da-4cc1-b49f-8b81532b53ad.png?v=20160209.1158
2,39 €
8,39 € / kg

Mee ja sinepi salatikaste FELIX 375g
https://www.e-maxima.ee/SiteImages/Inventory/a/5/1/a5188b81-86a5-43e7-88f4-91125a4215fe.png?v=20160209.1158
1,79 €
4,77 € / kg

Salatikaste FELIX Caesar 375g
https://www.e-maxima.ee/SiteImages/Inventory/b/1/5/b15e711d-f3f2-4d9e-a34f-071f2ee02fb1.png?v=20160209.1158
1,79 €
4,77 € / kg

Kaste Ajoli TŠUMAK küüslauguga 200g
https://www.e-maxima.ee/SiteImages/Inventory/1/c/0/1c03afad-d044-4558-b0f5-f76e6fbf3dcd.png?v=20160209.1158
0,79 €
3,95 € / kg

Worcesteri kaste HEINZ 150ml
https://www.e-maxima.ee/SiteImages/Inventory/2/3/b/23b89bc0-85c3-4a86-88ea-7c900b6cf556.png?v=20160209.1158
1,65 €
11,00 € / l

Küüslaugukaste FELIX 250g
https://www.e-maxima.ee/SiteImages/Inventory/4/e/9/4e9da012-6bf3-42a0-9b5c-77b375d39e33.png?v=20160209.1158
1,79 €
7,16 € / kg

Rohelise paprika kaste HELLMANN&#39;S 250ml
https://www.e-maxima.ee/SiteImages/Inventory/5/d/c/5dce3162-9d23-4f08-96a6-e9858345be38.png?v=20160209.1158
1,85 €
7,40 € / l

Tomati-basiiliku salatikaste FELIX 375g
https://www.e-maxima.ee/SiteImages/Inventory/e/4/4/e446705e-be2b-4149-945b-f9eff7a492f2.png?v=20160209.1158
1,79 €
4,77 € / kg

Oliivijääkõli GOCCIA D&#39;oro 1L
https://www.e-maxima.ee/SiteImages/Inventory/7/1/4/714d6c9a-7178-4189-87a9-d3ac4cd284aa.png?v=20160209.1158
5,04 €
5,04 € / l

Ekstra-neitsioliiviõli LA ESPANOLA 750ml
https://www.e-maxima.ee/SiteImages/Inventory/c/c/c/cccfb729-e6ad-4135-b692-56e1812ca0a3.png?v=20160209.1158
5,39 €
7,19 € / l

Ekstra-neitsioliiviõli FILIPPOBERIO250ml
https://www.e-maxima.ee/SiteImages/Inventory/0/1/f/01f85e88-7e23-4257-a01e-81f648e8c700.png?v=20160209.1158
2,15 €
8,60 € / l

Ekstra-neitsioliiviõli BORGES 500ml
https://www.e-maxima.ee/SiteImages/Inventory/3/b/f/3bf364bc-eb96-4ccf-a552-6a409078011b.png?v=20160209.1158
4,89 €
9,78 € / l

Ol.õli raf+neitsiol.õl.Light BORGES 0.5L
https://www.e-maxima.ee/SiteImages/Inventory/8/d/e/8debfe38-2864-460f-9e36-ed939566683c.png?v=20160209.1158
4,89 €
9,78 € / l

Ekstra-neitsioliiviõli FILIPPOBERIO750ml
https://www.e-maxima.ee/SiteImages/Inventory/2/e/3/2e3dc176-4614-4ef5-bd39-8230df9f2e99.png?v=20160209.1158
5,49 €
7,32 € / l

Ekstra-neitsiol.õli FILIPPO BERIO500ml
https://www.e-maxima.ee/SiteImages/Inventory/3/4/5/345970ca-1f91-4f38-be29-57abf452d03a.png?v=20160209.1158
3,49 €
6,98 € / l

Ekstra neitsioliiviõli GOURMANTE 500ml
https://www.e-maxima.ee/SiteImages/Inventory/c/1/9/c195b54b-2f46-46cb-b219-e582c1e69535.png?v=20160209.1158
4,85 €
9,70 € / l

Ekstra-neitsioliiviõli küüsl.OILIO 250ml
https://www.e-maxima.ee/SiteImages/Inventory/4/a/3/4a35e532-0d71-443c-b6fd-ea9f3b7b3230.png?v=20160209.1158
2,69 €
10,76 € / l

Ekstra-neitsioliiviõli HACIENDA GUZMAN1L
https://www.e-maxima.ee/SiteImages/Inventory/f/f/1/ff103ba3-5ac5-4726-9e11-c432aba3ceea.png?v=20160209.1158
5,79 €
5,79 € / l

Oliivijääkõli MAXIMA FAVORIT 1L
https://www.e-maxima.ee/SiteImages/Inventory/5/f/8/5f88c6fe-8396-47e4-a847-bc3e69c61bdd.png?v=20160209.1158
3,79 €
3,79 € / l

Ekstra-neitsiol.õli MAXIMA FAVORIT 500ml
https://www.e-maxima.ee/SiteImages/Inventory/a/7/a/a7a40b4a-a363-443a-bd07-991ff42f5187.png?v=20160209.1158
3,29 €
6,58 € / l

Oliivijääkõli Golden Oil 1L
https://www.e-maxima.ee/SiteImages/Inventory/2/0/3/203b7af1-3e0a-4b5e-b22e-3c126b5a6282.png?v=20160209.1158
2,99 €
2,99 € / l

Oliivijääkõli BASSO 1L
https://www.e-maxima.ee/SiteImages/Inventory/5/9/1/591bed43-a2a7-4ed5-9a26-e4def4a8029f.png?v=20160209.1158
2,99 €
2,99 € / l

Eks.-neitsiol.õl. ISLE OF CRETE 750ml
https://www.e-maxima.ee/SiteImages/Inventory/4/2/8/42806d62-b411-4b56-808f-5df66b0e6151.png?v=20160209.1158
7,99 €
10,65 € / l

Eks.-neitsiol.õl. ALIVE BARBERA 500ml
https://www.e-maxima.ee/SiteImages/Inventory/0/a/2/0a2a27f5-c812-44fb-9cb4-870048928706.png?v=20160209.1158
3,79 €
7,58 € / l

Ekstra-neitsioliiviõli BARBERA 500ml
https://www.e-maxima.ee/SiteImages/Inventory/f/4/9/f49ea58a-22d9-40c7-91d7-319720a7e213.png?v=20160209.1158
4,59 €
9,18 € / l

Oliivijääkõli LA ESPANOLA 1L
https://www.e-maxima.ee/SiteImages/Inventory/6/3/7/637703c2-5ae0-4035-92dd-692da19bb788.png?v=20160209.1158
3,99 €
3,99 € / l

Oliivijääkõli OL&#39;MAR 1L
https://www.e-maxima.ee/SiteImages/Inventory/d/6/9/d698076b-9c33-47c2-8530-27e6746488b1.png?v=20160209.1158
3,59 €
3,59 € / l

Eks.-neitsiol.õl.LA ESPANOLA Spray 200ml
https://www.e-maxima.ee/SiteImages/Inventory/e/f/2/ef2467bd-ed02-4c90-bb82-5fefb8faeac1.png?v=20160209.1158
3,59 €
17,95 € / l

Ekstra-neitsiol.õli MAXIMA FAVORIT 750ml
https://www.e-maxima.ee/SiteImages/Inventory/4/e/4/4e40914e-419c-4fb3-8913-914167a024e6.png?v=20160209.1158
4,79 €
6,39 € / l

Ekstra-neitsiol.õli OL&#39;MAR 1L
https://www.e-maxima.ee/SiteImages/Inventory/d/6/c/d6c7625f-12ea-49a4-b078-72310d52890c.png?v=20160209.1158
5,29 €
5,29 € / l

Oliivijääkõli OL&#39;MAR 1L klaaspudelis
https://www.e-maxima.ee/SiteImages/Inventory/8/8/b/88bf2cfa-5789-4732-b8e8-7308cd15341a.png?v=20160209.1158
3,59 €
3,59 € / l

Päevalilleõli RISSO 1L
https://www.e-maxima.ee/SiteImages/Inventory/9/e/0/9e0ea064-b7ad-480b-b4be-697d94b35bf6.png?v=20160209.1158
2,25 €
2,25 € / l

Päevalilleõli,kolesteroolivaba NATURA 1L
https://www.e-maxima.ee/SiteImages/Inventory/3/a/2/3a2eb5ab-ee12-4d68-8a50-8a74cbec4cc1.png?v=20160209.1158
2,39 €
2,39 € / l

Päevalilleõli OPTIMA LINIJA 1L
https://www.e-maxima.ee/SiteImages/Inventory/a/b/1/ab11e019-9725-4694-a312-49b10f8e1be8.png?v=20160209.1158
1,19 €
1,19 € / l

Päevalilleõli Zolotaja Semetska 1L,r-ta
https://www.e-maxima.ee/SiteImages/Inventory/1/b/2/1b2b6a79-dc3a-4028-829a-d419b850c047.png?v=20160209.1158
2,35 €
2,35 € / l

Päevalilleõli ZolotajaSemetska raf-tud1L
https://www.e-maxima.ee/SiteImages/Inventory/c/9/1/c9137623-39bc-45c7-8c21-877bbe786e00.png?v=20160209.1158
2,25 €
2,25 € / l

Päevalilleõli MAXIMA FAVORIT 1L
https://www.e-maxima.ee/SiteImages/Inventory/f/4/c/f4c5cb31-a0e6-4fd1-96f3-2b634410c78e.png?v=20160209.1158
1,65 €
1,65 € / l

Päevalilleõli OMILI r-ta 1L
https://www.e-maxima.ee/SiteImages/Inventory/6/2/8/628342d8-cad9-4b1b-ae2a-adbf77837c15.png?v=20160209.1158
2,19 €
2,19 € / l

Päevalilleõli OLEINA raf-tud 1L
https://www.e-maxima.ee/SiteImages/Inventory/4/3/6/436a74da-aa4e-46bb-936e-64898f64fbfd.png?v=20160209.1158
1,79 €
1,79 € / l

Päevalilleõli GOLDEN OIL 1l
https://www.e-maxima.ee/SiteImages/Inventory/7/1/7/7179b61c-8503-4e09-becb-aac167109242.png?v=20160209.1158
1,35 €
1,35 € / l

Raf.tud päeval.õli Zolotaja Semetska1,8L
https://www.e-maxima.ee/SiteImages/Inventory/6/1/f/61f6c9bd-a5be-46ad-875b-d59036083b42.png?v=20160209.1158
3,99 €
2,22 € / l

Päevalilleõli OLEINA 2L
https://www.e-maxima.ee/SiteImages/Inventory/f/b/4/fb449f56-d2d3-4523-8ea2-afe3fbfb0a98.png?v=20160209.1158
3,29 €
1,65 € / l

Päevalilleõli MAXIMA FAVORIT 2L
https://www.e-maxima.ee/SiteImages/Inventory/b/b/4/bb444302-542f-4ca8-9e70-ec8167dfce37.png?v=20160209.1158
2,99 €
1,50 € / l

Päevalilleõli LIUBIM 1L
https://www.e-maxima.ee/SiteImages/Inventory/1/4/3/1438e7b8-2006-496a-a3d5-65173814b12c.png?v=20160209.1158
1,45 €
1,45 € / l

Maisiõli  GOCCIA D&#39;oro 1L
https://www.e-maxima.ee/SiteImages/Inventory/a/9/7/a973c200-b514-4a43-aca7-13e200fc4dcd.png?v=20160209.1158
3,13 €
3,13 € / l

Rapsiõli RISSO 1L
https://www.e-maxima.ee/SiteImages/Inventory/5/d/1/5d16a50d-7cd9-4fc2-b6a9-259a381e2c72.png?v=20160209.1158
2,09 €
2,09 € / l

Viinamarjaseemneõli GOCCIA  D&#39;oro 1L
https://www.e-maxima.ee/SiteImages/Inventory/e/2/6/e2652ae0-4d7c-4974-844f-2568d2f2732b.png?v=20160209.1158
5,43 €
5,43 € / l

Toiduõli OILIO 1L
https://www.e-maxima.ee/SiteImages/Inventory/7/7/3/773553bc-d70c-49e2-a162-522f6a885293.png?v=20160209.1158
1,89 €
1,89 € / l

Seesamiseemneõli ANIRA 250ml
https://www.e-maxima.ee/SiteImages/Inventory/4/0/a/40a14bc8-3e5b-4bc8-93cd-3073d87f677f.png?v=20160209.1158
3,89 €
15,56 € / l

Linaseemneõli ANIRA 250ml
https://www.e-maxima.ee/SiteImages/Inventory/c/1/f/c1f5b69d-793e-4fd2-ac41-437d96b30037.png?v=20160209.1158
2,49 €
9,96 € / l

Taimeõli OPTIMA LINIJA 1L
https://www.e-maxima.ee/SiteImages/Inventory/5/f/b/5fb6dd3f-8f71-4dd9-931b-ae737c6be3b6.png?v=20160209.1158
0,96 €
0,96 € / l

Makadaamiapähkliõli külmpres.ANIRA 250ml
https://www.e-maxima.ee/SiteImages/Inventory/3/3/1/331c6c96-7427-4edd-873e-fe7ffe991bb0.png?v=20160209.1158
4,49 €
17,96 € / l

Rapsiõli OILIO 1L
https://www.e-maxima.ee/SiteImages/Inventory/f/e/c/fec3b503-5c70-435f-8d3d-e242c3116d0a.png?v=20160209.1158
1,65 €
1,65 € / l

Rapsiõli OPTIMA LINIJA 1L
https://www.e-maxima.ee/SiteImages/Inventory/3/d/4/3d40cbae-ef2e-496b-92e0-1fa33d29e9c1.png?v=20160209.1158
0,97 €
0,97 € / l

Rapsiõli MAXIMA FAVORIT 1L
https://www.e-maxima.ee/SiteImages/Inventory/7/1/8/7184ac6a-a5d6-4936-a696-70056a1a7f23.png?v=20160209.1158
1,49 €
1,49 € / l

Rapsiõli OLIVIA  0.5L
https://www.e-maxima.ee/SiteImages/Inventory/0/7/4/074577f3-0b74-43fa-aa85-afefef1aeceb.png?v=20160209.1158
1,18 €
2,36 € / l

Rapsiõli OLIVIA 1L
https://www.e-maxima.ee/SiteImages/Inventory/e/8/8/e888274f-32a8-4640-8d2f-ebc51af511a7.png?v=20160209.1158
1,55 €
1,55 € / l

Kõrvitsaseemneõli OLJARNAFRAM 0,25ml
https://www.e-maxima.ee/SiteImages/Inventory/4/f/4/4f4bc86a-8e02-40ba-ad21-e7a1feebc829.png?v=20160209.1158
4,99 €
19,96 € / l

Rapsiõli D-vitamiiniga RISSO 1l
https://www.e-maxima.ee/SiteImages/Inventory/0/7/5/075a93f9-509b-4c77-a815-ff928a2adbc3.png?v=20160209.1158
2,85 €
2,85 € / l

Rapsiõli GOLDEN OIL 1l
https://www.e-maxima.ee/SiteImages/Inventory/d/a/7/da76973d-0d22-4338-988c-4fdee4d0929f.png?v=20160209.1158
1,29 €
1,29 € / l

Rafineeritud kookosõli ANIRA 200 ml
https://www.e-maxima.ee/SiteImages/Inventory/1/7/e/17e9a46d-9d3b-47a8-83c3-c4ea772c1ae3.png?v=20160209.1158
2,99 €
14,95 € / l

Riisiõli BASSO 1L
https://www.e-maxima.ee/SiteImages/Inventory/c/0/e/c0e05289-8c43-4fc8-b3c8-9eb0b88659fc.png?v=20160209.1158
2,95 €
2,95 € / l

Avokaadoõli ANIRA 250 ml
https://www.e-maxima.ee/SiteImages/Inventory/4/0/f/40fc5702-bbf4-4292-baee-e81973cf018e.png?v=20160209.1158
5,79 €
23,16 € / l

Rapsiõli OLEINA 1L
https://www.e-maxima.ee/SiteImages/Inventory/f/1/1/f1107145-8deb-4ef7-84f6-329bc55f9ffd.png?v=20160209.1158
1,29 €
1,29 € / l

Kreeka pähkli õli ANIRA ANIRA 500 ml
https://www.e-maxima.ee/SiteImages/Inventory/c/a/b/cab0a598-996d-4e64-b866-ec8929c021f2.png?v=20160209.1158
4,99 €
9,98 € / l

Mandliõli ANIRA 500 ml
https://www.e-maxima.ee/SiteImages/Inventory/8/c/8/8c8ffc0a-bf04-494f-b2b2-80f81bac0d68.png?v=20160209.1158
3,99 €
7,98 € / l

Neitsi kookosõli BARAKA 500ml
https://www.e-maxima.ee/SiteImages/Inventory/a/8/e/a8e02d18-bf27-4ef1-bd78-098379efd061.png?v=20160209.1158
10,69 €
21,38 € / l

Vähend. rasvasis. margariin VOIMIX 400g
https://www.e-maxima.ee/SiteImages/Inventory/8/b/c/8bc74a8a-62e5-493b-8227-0a4130d5946e.png?v=20160209.1158
0,94 €
2,35 € / kg

Taimne rasvavõie KEIJU sinine 50% 400g
https://www.e-maxima.ee/SiteImages/Inventory/d/a/7/da73cd81-e343-4227-81a2-ba06958b288b.png?v=20160209.1158
1,12 €
2,80 € / kg

Rasvavõie OPTIMA LINIJA Light 25% 400g
https://www.e-maxima.ee/SiteImages/Inventory/9/2/e/92e32f45-d36a-469e-b5e8-3b2ae7396878.png?v=20160209.1158
0,44 €
1,10 € / kg

Taimne rasvavõie KEIJU soolane 70% 400g
https://www.e-maxima.ee/SiteImages/Inventory/5/0/3/5036d1f7-f8ed-4810-ae2a-fbc0c2f6a381.png?v=20160209.1158
1,32 €
3,30 € / kg

Väh. rasvasis.marg.KEIJU Camelina 60%
https://www.e-maxima.ee/SiteImages/Inventory/0/e/0/0e076567-337c-47d8-a693-34f199eb4592.png?v=20160209.1158
1,39 €
3,48 € / kg

Väherasv. margar. Voila Light FELIX 400g
https://www.e-maxima.ee/SiteImages/Inventory/2/4/7/247ec589-990b-49b5-9c42-668cbace98dd.png?v=20160209.1158
1,07 €
2,68 € / kg

Poolras. margariin RAMA  Light 39% 400g
https://www.e-maxima.ee/SiteImages/Inventory/2/6/e/26e48477-5f5c-4d0b-8b26-43065ab81b40.png?v=20160209.1158
0,85 €
2,13 € / kg

Poolrasv.margar.RAMA oliiviõliga 39%400g
https://www.e-maxima.ee/SiteImages/Inventory/7/0/f/70f67592-3d22-4257-8a9a-4ecab733d47a.png?v=20160209.1158
1,32 €
3,30 € / kg

Rama Maestro Rasvavõie 70% 500g
https://www.e-maxima.ee/SiteImages/Inventory/7/4/2/74206dd0-cc0f-47b5-9346-d4cf1b7650b8.png?v=20160209.1158
1,25 €
2,50 € / kg

Väh.rasvasis.margariin RAMA Clas.60%400g
https://www.e-maxima.ee/SiteImages/Inventory/3/0/e/30e9833e-5ca4-4b81-a8c4-1b50546bc7a0.png?v=20160209.1158
1,26 €
3,15 € / kg

Taimne rasvavõie EveSol 70% 500g
https://www.e-maxima.ee/SiteImages/Inventory/b/f/e/bfe62794-b8d9-4e56-aa1e-87a25b111e61.png?v=20160209.1158
0,85 €
1,70 € / kg

Poolrasv. marg. DELMA Extra sool.39%450g
https://www.e-maxima.ee/SiteImages/Inventory/a/a/6/aa6d0a3d-d44c-421e-95dc-fe7b72fe59be.png?v=20160209.1158
0,74 €
1,64 € / kg

Poolras.koduse või maits.marg.DELMA 400g
https://www.e-maxima.ee/SiteImages/Inventory/6/a/5/6a52c0fc-b38c-432e-b8a0-1526e3ca5c2e.png?v=20160209.1158
0,79 €
1,98 € / kg

Poolrasvane margariin DELMA 39% 400g
https://www.e-maxima.ee/SiteImages/Inventory/7/2/8/728992b6-273d-4606-9f31-78e470d23269.png?v=20160209.1158
0,99 €
2,48 € / kg

Poolrasv.soolane margariin RAMA 39% 400g
https://www.e-maxima.ee/SiteImages/Inventory/0/2/0/0203540d-d03b-4a08-92ce-0e769254725e.png?v=20160209.1158
1,09 €
2,73 € / kg

Väherasv.margariin VOIMIX Creamy 40%400g
https://www.e-maxima.ee/SiteImages/Inventory/1/b/2/1b239f86-cbd6-4c42-8217-4aea726d2b60.png?v=20160209.1158
0,99 €
2,48 € / kg

Poolrasv.margariin Aero RAMA 39% 320g
https://www.e-maxima.ee/SiteImages/Inventory/e/5/a/e5a3143a-018b-44ba-8177-a2e784a965c6.png?v=20160209.1158
1,65 €
5,16 € / kg

Küpsetusmargariin 80% VILMA 500g
https://www.e-maxima.ee/SiteImages/Inventory/f/8/c/f8c18816-2cb6-4fc0-9323-7393b2b5e21e.png?v=20160209.1158
1,15 €
2,30 € / kg

Hiina sojakaste Chain Kwo 150ml
https://www.e-maxima.ee/SiteImages/Inventory/7/f/8/7f8ec5c5-24b3-44a5-ab5f-61e95d6316dc.png?v=20160209.1158
0,90 €
6,00 € / l

Hele sojakaste PEARL RIVER BRIDGE 150ml
https://www.e-maxima.ee/SiteImages/Inventory/e/6/6/e6642a09-63fb-4d43-bdee-2bc459a086ec.png?v=20160209.1158
1,09 €
7,27 € / l

Munanuudlid SANTA MARIA 250g
https://www.e-maxima.ee/SiteImages/Inventory/8/8/a/88a0d8c4-d6fb-4f07-b4fd-b772cde3a3ea.png?v=20160209.1158
2,05 €
8,20 € / kg

Riisinuudlid SANTA MARIA 250g
https://www.e-maxima.ee/SiteImages/Inventory/0/0/9/009da2c0-c3cf-4259-a2e4-802b86d21a4a.png?v=20160209.1158
2,09 €
8,36 € / kg

Maitseaine Guacamole SANTA MARIA 20g
https://www.e-maxima.ee/SiteImages/Inventory/8/2/3/823eba6b-ea03-4d55-8a38-e034dfaeb9e9.png?v=20160209.1158
0,83 €
41,50 € / kg

Juustu-dipisegu SANTA MARIA 26g
https://www.e-maxima.ee/SiteImages/Inventory/c/b/f/cbf0321a-ab39-421c-84ec-8e9237669599.png?v=20160209.1158
0,82 €
31,54 € / kg

Teriyaki kaste SANTA MARIA 300ml
https://www.e-maxima.ee/SiteImages/Inventory/1/8/6/186a746c-d761-4446-8b0b-c730eec124ac.png?v=20160209.1158
4,15 €
13,83 € / l

Tume sojakaste PEARL RIVER BRIDGE 150ml
https://www.e-maxima.ee/SiteImages/Inventory/f/0/3/f03ff24c-2737-4726-9335-231127dc0688.png?v=20160209.1158
1,35 €
9,00 € / l

Kleepuv sushi riis SKANEJA 400g
https://www.e-maxima.ee/SiteImages/Inventory/9/8/7/987a6f70-99af-4135-8e95-71721e224971.png?v=20160209.1158
1,45 €
3,63 € / kg

Pesto Genovese, OILIO 130g
https://www.e-maxima.ee/SiteImages/Inventory/d/d/1/dd144960-3e35-4eb4-a484-681c92be251d.png?v=20160209.1158
1,60 €
12,31 € / kg

Roheline Jalapeno pipar SANTA MARIA 215g
https://www.e-maxima.ee/SiteImages/Inventory/6/2/f/62f74c03-17fc-4a58-aa80-945008de999c.png?v=20160209.1158
2,79 €
12,98 € / kg

Marineeritud ingver 454g
https://www.e-maxima.ee/SiteImages/Inventory/6/0/1/601172ae-2538-46b6-9f79-e7230acb8c55.png?v=20160209.1158
2,22 €
4,89 € / kg

Magus tšillikaste THAI-CHOICE 200ml
https://www.e-maxima.ee/SiteImages/Inventory/a/b/1/ab122f4b-e46f-487a-8890-7e8bc8091376.png?v=20160209.1158
1,30 €
6,50 € / l

Juustukaste Cheddar SANTA MARIA 250g
https://www.e-maxima.ee/SiteImages/Inventory/8/7/c/87c70272-a36a-47e5-a442-9c57dadbc1a3.png?v=20160209.1158
2,59 €
10,36 € / kg

Kookosepiim kreemjas SANTA MARIA 200ml
https://www.e-maxima.ee/SiteImages/Inventory/0/2/4/024622ee-1c4d-4832-938d-b3ae3ae6db9b.png?v=20160209.1158
1,89 €
9,45 € / l

Kanamaitsel.kiirnuudlid THAI-CHOICE 85g
https://www.e-maxima.ee/SiteImages/Inventory/1/6/4/164a38e0-4e49-4de2-baad-b08cbb00fcc1.png?v=20160209.1158
0,58 €
6,82 € / kg

Vürts.-hapumait.kiirnuudl.THAI-CHOICE85g
https://www.e-maxima.ee/SiteImages/Inventory/d/6/7/d67cb262-37e1-4b83-b2dc-287459f4d547.png?v=20160209.1158
0,59 €
6,94 € / kg

Wok nuudlid SANTA MARIA 250g
https://www.e-maxima.ee/SiteImages/Inventory/1/e/3/1e360a7f-bcd9-4ef9-b330-eb8d49fe2805.png?v=20160209.1158
1,85 €
7,40 € / kg

Dipikaste Guacamole SANTA MARIA 250g
https://www.e-maxima.ee/SiteImages/Inventory/f/a/2/fa2c11b1-e934-4873-954e-26fda3d95107.png?v=20160209.1158
2,59 €
10,36 € / kg

Kookosepiim SANTA MARIA 400ml
https://www.e-maxima.ee/SiteImages/Inventory/9/3/b/93bc5612-77ee-4122-a78e-b782dde51d22.png?v=20160209.1158
1,95 €
4,88 € / l

Kookosepiim kreemjas SANTA MARIA 500ml
https://www.e-maxima.ee/SiteImages/Inventory/1/d/1/1d1254ad-93e0-4717-88ed-1391c9a938f0.png?v=20160209.1158
3,05 €
6,10 € / l

Magus tšillikaste THAI-CHOICE 700ml
https://www.e-maxima.ee/SiteImages/Inventory/d/b/9/db999664-2d0b-429a-9d91-932e90ce27bf.png?v=20160209.1158
3,19 €
4,56 € / l

Sushi sojak.JAPANESE CHOICE 200ml
https://www.e-maxima.ee/SiteImages/Inventory/2/7/a/27a70d2a-50da-474e-a978-1df6bdc9fcee.png?v=20160209.1158
2,49 €
12,45 € / l

Pesto Genovese CITRES 200g
https://www.e-maxima.ee/SiteImages/Inventory/1/6/1/161f4255-d257-4c12-a490-a5c0d8151738.png?v=20160209.1158
2,19 €
10,95 € / kg

Sushi Nori lehed SAITAKU 14g
https://www.e-maxima.ee/SiteImages/Inventory/9/9/f/99f3dc66-4150-4d30-8ece-c16043494a79.png?v=20160209.1158
1,59 €
113,57 € / kg

Wasabi pasta SAITAKU 43g
https://www.e-maxima.ee/SiteImages/Inventory/0/c/b/0cbd1835-e045-4174-b846-758b45897c87.png?v=20160209.1158
2,00 €
46,51 € / kg

Sushi ingver SAITAKU 190g
https://www.e-maxima.ee/SiteImages/Inventory/5/3/0/5302599f-fa41-4aca-8fb4-0e44a3090f80.png?v=20160209.1158
2,99 €
15,74 € / kg

Riisiäädikas SAITAKU 150ml
https://www.e-maxima.ee/SiteImages/Inventory/8/4/f/84f6d8e5-3006-484f-834a-e8a08f64ec3f.png?v=20160209.1158
1,45 €
9,67 € / l

Sushiriis SAITAKU 500g
https://www.e-maxima.ee/SiteImages/Inventory/e/6/a/e6ac05c1-98c0-47c8-8d1d-e9aed069a857.png?v=20160209.1158
2,30 €
4,60 € / kg

Sushi sojakaste SAITAKU 150ml
https://www.e-maxima.ee/SiteImages/Inventory/7/c/b/7cb04162-38e8-484e-9ad5-a3e7586657bf.png?v=20160209.1158
1,99 €
13,27 € / l

Maisikrõpsud ESTRELLA juustumaits.150g
https://www.e-maxima.ee/SiteImages/Inventory/5/4/4/544bcbb3-4a29-46f4-be23-2759b634c7e7.png?v=20160209.1158
1,69 €
11,27 € / kg

Kookosepiim lahja THAI-CHOICE 400ml
https://www.e-maxima.ee/SiteImages/Inventory/b/9/f/b9f0f0f3-1ea0-4346-aae8-b8de7b106692.png?v=20160209.1158
1,59 €
3,98 € / l

Maisikrõpsud ESTRELLA mag.tšilli 150g
https://www.e-maxima.ee/SiteImages/Inventory/4/e/1/4e16de32-aebf-477b-9030-d3419fbe28b6.png?v=20160209.1158
1,69 €
11,27 € / kg

Tortilla SANTA MARIA 320g
https://www.e-maxima.ee/SiteImages/Inventory/4/1/2/412ca9e9-7d17-47b2-9959-b9c864e610ce.png?v=20160209.1158
1,99 €
6,22 € / kg

Wrap POCO LOCO 4tk, 245g
https://www.e-maxima.ee/SiteImages/Inventory/e/1/8/e1851739-538c-460a-a27d-8b0279552622.png?v=20160209.1158
1,65 €
6,73 € / kg

Sushi merivetikad YAKI NORI 10tk
https://www.e-maxima.ee/SiteImages/Inventory/6/8/7/687637ca-efaf-480d-9511-55e54e3b9e79.png?v=20160209.1158
2,49 €
0,25 € / tk

Kaste MAGGI Texicana Salsa 500ml
https://www.e-maxima.ee/SiteImages/Inventory/f/c/1/fc1a9a9c-6785-4965-ab0c-eee3bb11af71.png?v=20160209.1158
2,36 €
4,72 € / l

Kaste UNCLE BEN&#39;S Sweet &amp; Sour 400g
https://www.e-maxima.ee/SiteImages/Inventory/d/6/b/d6b772d3-0459-4120-a495-7541cc59026d.png?v=20160209.1158
1,95 €
4,88 € / kg

Mehhiko kaste SALVEST 300g
https://www.e-maxima.ee/SiteImages/Inventory/1/f/a/1fa8c053-19f6-4dbb-ad02-e66d05e609d6.png?v=20160209.1158
1,14 €
3,80 € / kg

Poolmagus Hiina kaste FELIX 500g
https://www.e-maxima.ee/SiteImages/Inventory/2/b/8/2b80e93c-d4f6-455e-a687-aafc5148f9b5.png?v=20160209.1158
1,75 €
3,50 € / kg

Magushapukaste Asia MAGGI 500ml
https://www.e-maxima.ee/SiteImages/Inventory/9/3/c/93c0c00d-7f0d-442b-8664-c7b1a99c4bbb.png?v=20160209.1158
2,30 €
4,60 € / l

Tomatipasta MINU  30% 185g
https://www.e-maxima.ee/SiteImages/Inventory/3/e/1/3e19495a-1751-4d89-a5fd-1c85e75a9d09.png?v=20160209.1158
0,58 €
3,14 € / kg

Tomatipasta MELISSA 7% 500g
https://www.e-maxima.ee/SiteImages/Inventory/3/7/b/37bed9f9-c9ef-4993-8a0e-68a0b8df353f.png?v=20160209.1158
0,75 €
1,50 € / kg

Tomatipasta MELISSA basiil.ja sibul.500g
https://www.e-maxima.ee/SiteImages/Inventory/8/1/2/812ffa5f-b41d-4a1c-8ae3-858042a9a719.png?v=20160209.1158
0,83 €
1,66 € / kg

Maksakaste SALVEST530g
https://www.e-maxima.ee/SiteImages/Inventory/8/d/2/8d223c05-2b60-4013-ae04-3fc9535bb632.png?v=20160209.1158
2,29 €
4,32 € / kg

Tomatipasta 20% SALVEST300g
https://www.e-maxima.ee/SiteImages/Inventory/1/6/e/16ec09ea-8759-4922-9064-83560fea7bc0.png?v=20160209.1158
1,05 €
3,50 € / kg

Adžika SALVEST 300g
https://www.e-maxima.ee/SiteImages/Inventory/7/0/0/700068c5-0dfe-4015-8ddc-14dfc7cd0ba2.png?v=20160209.1158
1,24 €
4,13 € / kg

Pastakaste Basilico BARILLA  400g
https://www.e-maxima.ee/SiteImages/Inventory/d/e/2/de2130a4-b391-45da-a093-c5afe05964f1.png?v=20160209.1158
2,33 €
5,83 € / kg

Tomatipasta MAADLEX 20% 200g
https://www.e-maxima.ee/SiteImages/Inventory/3/c/a/3ca42fd9-3c21-4c61-bdcc-9dd2f3e97fae.png?v=20160209.1158
0,40 €
2,00 € / kg

Tomatiketšup MCDONALD&#39;S 580g
https://www.e-maxima.ee/SiteImages/Inventory/5/b/5/5b509e31-eb6c-45ac-9902-06729238d680.png?v=20160209.1158
1,85 €
3,19 € / kg

Punasepiprakaste TABASCO 57ml
https://www.e-maxima.ee/SiteImages/Inventory/c/a/f/cafcd911-942b-41a6-b415-023924f8136e.png?v=20160209.1158
2,29 €
40,18 € / l

Šašlõkiketšup TŠUMAK 300g
https://www.e-maxima.ee/SiteImages/Inventory/2/8/3/2834864b-1450-425e-8319-1b246c3cde5a.png?v=20160209.1158
0,72 €
2,40 € / kg

Ketšup TŠUMAK mahedamaitseline 300g
https://www.e-maxima.ee/SiteImages/Inventory/a/e/1/ae10455f-ac08-4b07-9c34-cd1ee46257cf.png?v=20160209.1158
0,72 €
2,40 € / kg

Adžiika MINU 220ml
https://www.e-maxima.ee/SiteImages/Inventory/4/8/e/48e941cd-bda0-4bb9-a4d1-dfc595382db7.png?v=20160209.1158
0,55 €
2,50 € / l

Tomatikaste küüslauguga MILDA 520g
https://www.e-maxima.ee/SiteImages/Inventory/0/7/4/074bf80c-e7f9-4bb7-8bf9-265039c28748.png?v=20160209.1158
0,89 €
1,71 € / kg

Tomatikaste MILDA 520g
https://www.e-maxima.ee/SiteImages/Inventory/0/0/1/0019df89-97d0-41de-b9f1-bd690619739a.png?v=20160209.1158
0,89 €
1,71 € / kg

Terav tomatikaste MILDA 520g
https://www.e-maxima.ee/SiteImages/Inventory/3/a/c/3ac84f49-f893-4704-8868-6f89abe859b5.png?v=20160209.1158
0,89 €
1,71 € / kg

Ketšup TŠUMAK tšilli 300g
https://www.e-maxima.ee/SiteImages/Inventory/c/9/5/c95660af-a1ea-4a1a-a800-a6713ff6c3b3.png?v=20160209.1158
0,72 €
2,40 € / kg

Magus tšillikaste EXOFUN 700ml
https://www.e-maxima.ee/SiteImages/Inventory/1/b/b/1bbf4584-ccdd-4991-a690-7bc60256b6d3.png?v=20160209.1158
2,69 €
3,84 € / l

Adžika PURE 280g
https://www.e-maxima.ee/SiteImages/Inventory/4/e/5/4e56ff59-8a62-476e-82fb-dc61c9cd831b.png?v=20160209.1158
1,19 €
4,25 € / kg

Tomatipasta MELISSA tšilli ja sibul.500g
https://www.e-maxima.ee/SiteImages/Inventory/9/4/d/94da952b-7a4a-4150-9ef0-c95c43becb25.png?v=20160209.1158
0,83 €
1,66 € / kg

Ketšup FELIX Barbecue 490g
https://www.e-maxima.ee/SiteImages/Inventory/a/b/5/ab555c0d-e165-45ae-a95d-d3e734a26746.png?v=20160209.1158
1,89 €
3,86 € / kg

Adžika PURE Kaukaasiapärane 280g
https://www.e-maxima.ee/SiteImages/Inventory/d/d/0/dd080169-c697-4598-976c-e94635a447f0.png?v=20160209.1158
1,19 €
4,25 € / kg

Adžika PURE Gruusiapärane 280g
https://www.e-maxima.ee/SiteImages/Inventory/7/9/a/79a94404-12b1-4913-b262-89f3eaf0df49.png?v=20160209.1158
1,39 €
4,96 € / kg

Tomatiketšup HEINZ 1kg
https://www.e-maxima.ee/SiteImages/Inventory/8/7/e/87e600a6-e46d-459f-ad41-7ef3e889cb21.png?v=20160209.1158
2,59 €
2,59 € / kg

Tomatipasta MERYSA 28-30% 70g
https://www.e-maxima.ee/SiteImages/Inventory/b/f/2/bf2ca31b-e449-41b5-9033-e7b1326e5fb3.png?v=20160209.1158
0,31 €
4,43 € / kg

Ketšup FELIX päikesekuiv.tomat.490g
https://www.e-maxima.ee/SiteImages/Inventory/3/b/0/3b0c2ed0-37c2-4f94-896a-fdac92708be7.png?v=20160209.1158
2,09 €
4,27 € / kg

Adžiika MAADLEX Gruusiapärane 350g
https://www.e-maxima.ee/SiteImages/Inventory/4/5/7/457325d1-ffdd-4091-b88a-f176f9d842f3.png?v=20160209.1158
0,93 €
2,66 € / kg

Adžiika MAADLEX Gruusiapärane 200g
https://www.e-maxima.ee/SiteImages/Inventory/2/6/2/2623b956-2051-45e7-b191-3a84aa456e60.png?v=20160209.1158
0,52 €
2,60 € / kg

Tomatikaste mädarõik.Hrenovina PURE 280g
https://www.e-maxima.ee/SiteImages/Inventory/e/2/c/e2c6c60f-d38a-4589-9046-2a5dc95220b3.png?v=20160209.1158
1,39 €
4,96 € / kg

Tomatipüree GIANA 500g
https://www.e-maxima.ee/SiteImages/Inventory/4/3/5/4359513e-e365-4a8d-a22e-f33d72c08a3d.png?v=20160209.1158
0,72 €
1,44 € / kg

Ketšup MAADLEX 310g
https://www.e-maxima.ee/SiteImages/Inventory/e/d/9/ed9d4398-70f7-4ab6-9d0e-0521a1160db1.png?v=20160209.1158
0,69 €
2,23 € / kg

Ketšup MAADLEX Tšilli 310g
https://www.e-maxima.ee/SiteImages/Inventory/3/3/b/33b00fbd-2c56-4593-93c6-40e2bc588987.png?v=20160209.1158
0,69 €
2,23 € / kg

Purust.tom.LE CONSERVE DELLA NONNA 500g
https://www.e-maxima.ee/SiteImages/Inventory/a/5/4/a54b927d-eed6-4f74-b8f0-d26a560e3daf.png?v=20160209.1158
1,35 €
2,70 € / kg

Ketšup TŠUMAK šašlõkile 450g
https://www.e-maxima.ee/SiteImages/Inventory/b/8/d/b8d753a0-2a70-4b04-af96-b55148575d44.png?v=20160209.1158
0,85 €
1,89 € / kg

Ketšup TŠUMAK mahedamaitseline 450g
https://www.e-maxima.ee/SiteImages/Inventory/e/9/f/e9f9fdf4-44c7-458b-90ee-9762a88a20f7.png?v=20160209.1158
0,95 €
2,11 € / kg

Ketšup TŠUMAK tšilliga 450g
https://www.e-maxima.ee/SiteImages/Inventory/e/7/b/e7bfc7ec-76b1-46dd-99e0-4c20817e2ec5.png?v=20160209.1158
0,95 €
2,11 € / kg

Ketšup TŠUMAK küüslauguga 450g
https://www.e-maxima.ee/SiteImages/Inventory/a/5/c/a5c418bb-6eef-41ec-aa7d-1c4102f363cd.png?v=20160209.1158
0,95 €
2,11 € / kg

Ketšup TŠUMAK grill-lihale 450g
https://www.e-maxima.ee/SiteImages/Inventory/0/b/1/0b16d1b8-142d-437a-945d-02543a3c9554.png?v=20160209.1158
0,95 €
2,11 € / kg

Pastakaste PANZANI 4 juustu 370g
https://www.e-maxima.ee/SiteImages/Inventory/2/1/2/2120abda-9233-4aba-b357-0b09343740f0.png?v=20160209.1158
2,99 €
8,08 € / kg

Pastakaste PANZANI olliiv.-basiilik.400g
https://www.e-maxima.ee/SiteImages/Inventory/8/7/7/8778a847-2d3d-495f-871d-0cbcab4a7203.png?v=20160209.1158
2,09 €
5,23 € / kg

Pastakaste PANZANI Napoletana 400g
https://www.e-maxima.ee/SiteImages/Inventory/b/d/4/bd4bcab8-80d5-45bb-ba17-b435f90561a4.png?v=20160209.1158
1,95 €
4,88 € / kg

Pastakaste PANZANI Originale 400g
https://www.e-maxima.ee/SiteImages/Inventory/3/6/b/36b5ffd7-0119-4e6e-ac59-80c8f72ccfe2.png?v=20160209.1158
2,09 €
5,23 € / kg

Pastakaste PANZANI Extra Bolognese 425g
https://www.e-maxima.ee/SiteImages/Inventory/b/d/7/bd762318-ee55-45a8-be42-6182f996a284.png?v=20160209.1158
2,79 €
6,56 € / kg

Pastakaste basiilikuga BELLA PARMA 350g
https://www.e-maxima.ee/SiteImages/Inventory/5/6/f/56f0f5af-4379-46eb-a584-ba657a69241f.png?v=20160209.1158
1,35 €
3,86 € / kg

Tomatipasta MERYSA 28-30% 400g
https://www.e-maxima.ee/SiteImages/Inventory/8/9/3/893275ef-96c0-4de9-9f9e-c8141e8c92fe.png?v=20160209.1158
1,19 €
2,98 € / kg

Pruun tükksuhkur DAN SUKKER 500g
https://www.e-maxima.ee/SiteImages/Inventory/d/9/7/d976d1f9-d074-4fb9-a9c1-91c59c9f0ed6.png?v=20160209.1158
1,89 €
3,78 € / kg

Suhkruasendaja Diamant
https://www.e-maxima.ee/SiteImages/Inventory/4/a/6/4a6681ee-56f9-40cc-aa86-22e5558da660.png?v=20160209.1158
1,19 €
1,19 € / tk

Kristalne puuviljasuhkur NAMORA 500g
https://www.e-maxima.ee/SiteImages/Inventory/9/b/8/9b8fb0d9-5257-411d-b56a-618379eece68.png?v=20160209.1158
1,79 €
3,58 € / kg

Mini-tükksuhkur DAN SUKKER 500g
https://www.e-maxima.ee/SiteImages/Inventory/1/1/c/11cc67f3-e041-47f1-8426-2fabc9d930a6.png?v=20160209.1158
1,09 €
2,18 € / kg

Suhkur DEMERARA Dan Sukker 500g
https://www.e-maxima.ee/SiteImages/Inventory/5/5/4/554bc791-2be5-47d7-8402-93c5ba8fd9df.png?v=20160209.1158
1,55 €
3,10 € / kg

Suhkur DAN SUKKER paberis 1kg
https://www.e-maxima.ee/SiteImages/Inventory/8/4/5/845ce5c6-aa7b-43ab-969d-6767706b0610.png?v=20160209.1158
1,19 €
1,19 € / kg

Tuhksuhkur DIAMANT 500g
https://www.e-maxima.ee/SiteImages/Inventory/b/2/7/b27b878b-1c7a-45da-ab96-06d9aa456d37.png?v=20160209.1158
1,15 €
2,30 € / kg

Moosisuhkur DAN SUKKER 1kg
https://www.e-maxima.ee/SiteImages/Inventory/0/0/6/00676b4f-ee26-49a7-b2d8-f4bf4f28abaa.png?v=20160209.1158
2,05 €
2,05 € / kg

Suhkur OPTIMA LINIJA 1 kg
https://www.e-maxima.ee/SiteImages/Inventory/f/c/f/fcf3932a-3ec2-41f0-8a14-609c61485851.png?v=20160209.1158
0,57 €
0,57 € / kg

Rafineer.-ta pruun suhkur DELIKA 500g
https://www.e-maxima.ee/SiteImages/Inventory/5/2/0/520df91e-baf5-46d9-9473-d4849998e6f7.png?v=20160209.1158
1,29 €
2,58 € / kg

Pruun roosuhkur DAN SUKKER 750g
https://www.e-maxima.ee/SiteImages/Inventory/8/3/7/837e0ac7-09c7-42f4-bee4-ed1c3c283e6d.png?v=20160209.1158
1,99 €
2,65 € / kg

Peensuhkur pakikest. MAXIMA FAVORIT50x5g
https://www.e-maxima.ee/SiteImages/Inventory/1/4/d/14dfb736-6d3c-4ec9-aa90-62f9510e62d7.png?v=20160209.1158
1,19 €
4,76 € / kg

Suhkur MAXIMA FAVORIT 1kg
https://www.e-maxima.ee/SiteImages/Inventory/a/4/5/a459aa33-caa0-4bc2-b00a-01a8dcbef373.png?v=20160209.1158
0,69 €
0,69 € / kg

Sool Extra Zolotoi Zubr 1kg
https://www.e-maxima.ee/SiteImages/Inventory/2/2/0/220fa1f7-4c1c-4ed0-8a6c-b5b18e2d89b3.png?v=20160209.1158
0,39 €
0,39 € / kg

Meresool PROASAL 1kg
https://www.e-maxima.ee/SiteImages/Inventory/e/e/2/ee2333ae-b0f3-443d-8951-3617c8b789a4.png?v=20160209.1158
0,62 €
0,62 € / kg

Jodeeritud sool Zolotoi  Zubr 1kg
https://www.e-maxima.ee/SiteImages/Inventory/b/2/3/b2384f42-260a-4719-8890-ab49b2309180.png?v=20160209.1158
0,39 €
0,39 € / kg

Jodeerit.peen meresool DROGA 500g
https://www.e-maxima.ee/SiteImages/Inventory/8/f/f/8ff9b2a4-adf5-41f0-b3e3-3363a747ca7c.png?v=20160209.1158
0,65 €
1,30 € / kg

Roosa sool ROSE 400g
https://www.e-maxima.ee/SiteImages/Inventory/7/e/4/7e46001c-4e16-41df-bc74-9d048fdec6c3.png?v=20160209.1158
2,89 €
7,23 € / kg

Jäme sool 1 kg
https://www.e-maxima.ee/SiteImages/Inventory/5/6/5/5659cf3b-8e2e-491f-acb6-efa22e2c8b07.png?v=20160209.1158
0,25 €
0,25 € / kg

Meresool jäme TAPROBAN 1kg
https://www.e-maxima.ee/SiteImages/Inventory/a/6/a/a6a26c2a-31f0-497e-b68a-dbd63c77f945.png?v=20160209.1158
0,49 €
0,49 € / kg

Meresool joodiga TAPROBAN 1kg
https://www.e-maxima.ee/SiteImages/Inventory/7/8/5/7855952d-3991-4de8-b1d0-0cf7850942e6.png?v=20160209.1158
0,63 €
0,63 € / kg

Jäme sool TAPROBAN 0.5 kg
https://www.e-maxima.ee/SiteImages/Inventory/3/f/3/3f3faab8-0641-44aa-87a3-35b1a0acddc3.png?v=20160209.1158
0,49 €
0,98 € / kg

Maitseainesegu Podravka VEGETA 75g
https://www.e-maxima.ee/SiteImages/Inventory/d/3/5/d35ee2fb-1966-4bc1-92c2-844565850db2.png?v=20160209.1158
0,59 €
7,87 € / kg

Basiilik SANTA MARIA  prk, 9g
https://www.e-maxima.ee/SiteImages/Inventory/8/d/5/8d567888-d02b-4e01-b6ca-b84cb61c32ed.png?v=20160209.1158
1,27 €
141,11 € / kg

Till SANTA MARIA prk, 15g
https://www.e-maxima.ee/SiteImages/Inventory/e/4/c/e4ca8587-35d1-4bdc-b78f-3853371593c7.png?v=20160209.1158
1,29 €
129,00 € / kg

Jahv. must pipar SANTA MARIA prk, 39g
https://www.e-maxima.ee/SiteImages/Inventory/1/b/5/1b5c49be-ec16-4752-a6b8-c3c3c524273e.png?v=20160209.1158
1,85 €
47,44 € / kg

Kartulimaitseaine SANTA MARIA 55g prk
https://www.e-maxima.ee/SiteImages/Inventory/f/d/5/fd517bff-2fb7-46de-8274-27e4b469b4d0.png?v=20160209.1158
1,27 €
23,09 € / kg

Sidrunipipar  SANTA MARIA, 53g
https://www.e-maxima.ee/SiteImages/Inventory/2/5/f/25fabcac-5abd-45b7-a4d5-b95bdf57b9af.png?v=20160209.1158
1,59 €
30,00 € / kg

Hakklihamaitseaine SANTA MARIA 60g prk
https://www.e-maxima.ee/SiteImages/Inventory/8/2/e/82e62a8e-9d57-44c6-8026-65b83f2a93ff.png?v=20160209.1158
1,27 €
21,17 € / kg

Kalamaitseaine sidr. SANTA MARIA 36g
https://www.e-maxima.ee/SiteImages/Inventory/1/4/d/14d16a11-845e-4614-8a85-9d85d4dd2cb4.png?v=20160209.1158
1,27 €
35,28 € / kg

Viie pipra segu SANTA MARIA prk, 35g
https://www.e-maxima.ee/SiteImages/Inventory/c/c/f/ccf13fc1-604e-4303-9cf1-de607f9e88e2.png?v=20160209.1158
1,75 €
50,00 € / kg

Basiilik SANTA MARIA, 5g
https://www.e-maxima.ee/SiteImages/Inventory/5/3/b/53b35366-bf80-4d48-911e-30a228a9dde5.png?v=20160209.1158
0,63 €
126,00 € / kg

Till SANTA MARIA, 7g
https://www.e-maxima.ee/SiteImages/Inventory/7/1/5/715fee05-fd0b-4c34-b337-e6729d559d26.png?v=20160209.1158
0,56 €
80,00 € / kg

Spagetimaitseaine SANTA MARIA 22g
https://www.e-maxima.ee/SiteImages/Inventory/a/c/6/ac6b2599-e1bb-4e8f-9e75-754e10a92ae8.png?v=20160209.1158
0,65 €
29,55 € / kg

Kartulimaitseaine SANTA MARIA 30g
https://www.e-maxima.ee/SiteImages/Inventory/8/3/b/83ba6028-af46-48cc-a78c-9541d61fcd18.png?v=20160209.1158
0,63 €
21,00 € / kg

Aroomisool SANTA MARIA 40g
https://www.e-maxima.ee/SiteImages/Inventory/3/2/5/3257471a-1c06-4bf8-9759-4efa7479f32c.png?v=20160209.1158
0,63 €
15,75 € / kg

Sidrunipipar SANTA MARIA, 30g
https://www.e-maxima.ee/SiteImages/Inventory/5/a/5/5a5737fa-9faa-422b-9bd3-a758b9ad5b7f.png?v=20160209.1158
0,85 €
28,33 € / kg

Küüslaugusool SANTA MARIA 40g
https://www.e-maxima.ee/SiteImages/Inventory/9/9/e/99e8a65b-e39d-4c18-82b0-38c416b1c1bb.png?v=20160209.1158
0,63 €
15,75 € / kg

Karri SANTA MARIA, 25g
https://www.e-maxima.ee/SiteImages/Inventory/9/4/4/9446ec36-3dae-4eab-85d6-475e4c34e3bf.png?v=20160209.1158
0,59 €
23,60 € / kg

Broilerimaitseaine SANTA MARIA 30g
https://www.e-maxima.ee/SiteImages/Inventory/c/3/2/c32a02e2-29dd-4dae-87a3-83483a90c5be.png?v=20160209.1158
0,63 €
21,00 € / kg

Kalamaitseaine sidruniga SANTA MARIA 23g
https://www.e-maxima.ee/SiteImages/Inventory/3/7/3/373fcf0a-927c-4f2b-b5cf-846804208370.png?v=20160209.1158
0,63 €
27,39 € / kg

Piprasegu SANTA MARIA, 25g
https://www.e-maxima.ee/SiteImages/Inventory/5/8/9/589584c9-8401-45ac-a1b2-0ba7d1289e6c.png?v=20160209.1158
0,89 €
35,60 € / kg

Viie pipra segu  SANTA MARIA, 25g
https://www.e-maxima.ee/SiteImages/Inventory/e/5/4/e54f85e3-97c2-4b60-89eb-177ed9a9b8bd.png?v=20160209.1158
0,99 €
39,60 € / kg

Šašlõkimaitseaine SANTA MARIA 45g
https://www.e-maxima.ee/SiteImages/Inventory/7/a/7/7a77c0be-6a1a-47a4-b82a-a2259bc54793.png?v=20160209.1158
0,63 €
14,00 € / kg

Marinaadisegu seentele SANTA MARIA 100g
https://www.e-maxima.ee/SiteImages/Inventory/9/f/c/9fc88f3d-03c8-4c44-a138-3d9198997899.png?v=20160209.1158
0,95 €
9,50 € / kg

Universaalne marinaad  SANTA MARIA, 75g
https://www.e-maxima.ee/SiteImages/Inventory/8/b/7/8b70bf89-67ef-456b-a3c2-5cf14c7343ae.png?v=20160209.1158
0,84 €
11,20 € / kg

Küüslaugumarinaad SANTA MARIA 75g
https://www.e-maxima.ee/SiteImages/Inventory/6/d/9/6d966731-54ec-4da7-be2c-bfc42c5f8874.png?v=20160209.1158
0,84 €
11,20 € / kg

Broilerimaitseaine SANTA MARIA 47g prk
https://www.e-maxima.ee/SiteImages/Inventory/3/5/9/359a1cd0-5ea2-4800-9bb2-a475a3e1698a.png?v=20160209.1158
1,19 €
25,32 € / kg

Jahvat. kaneel SANTA MARIA, 22g
https://www.e-maxima.ee/SiteImages/Inventory/1/4/2/142e16b7-d9a8-40f2-8d25-20e7da648629.png?v=20160209.1158
0,65 €
29,55 € / kg

Jahvatatud ingver SANTA MARIA, 20g
https://www.e-maxima.ee/SiteImages/Inventory/0/4/7/047b9279-e62c-414c-9cf2-bdd490986629.png?v=20160209.1158
0,65 €
32,50 € / kg

Universaalne maitseaine KUCHAREK 200g
https://www.e-maxima.ee/SiteImages/Inventory/9/1/2/91202116-ee78-4ed3-bf12-870f2038af73.png?v=20160209.1158
0,78 €
3,90 € / kg

Universaalne maitseaine KUCHAREK 500g
https://www.e-maxima.ee/SiteImages/Inventory/3/f/9/3f9e7527-f9ee-4b4a-a40d-3851cabe1e20.png?v=20160209.1158
1,72 €
3,44 € / kg

Vanillisuhkur SANTA MARIA 35g
https://www.e-maxima.ee/SiteImages/Inventory/e/c/f/ecf72ea9-bdbb-4aa2-a091-cc935d268859.png?v=20160209.1158
0,39 €
11,14 € / kg

Sool SANTA MARIA  90 g prk
https://www.e-maxima.ee/SiteImages/Inventory/d/0/2/d02b89ed-acf9-46be-ade5-866590d7dff8.png?v=20160209.1158
1,19 €
13,22 € / kg

Pune SANTA MARIA 5g prk
https://www.e-maxima.ee/SiteImages/Inventory/3/9/f/39f7ac89-971c-4f58-9d77-b745822e13e9.png?v=20160209.1158
1,27 €
254,00 € / kg

Estragon SANTA MARIA  8g prk
https://www.e-maxima.ee/SiteImages/Inventory/2/8/4/284f0171-9416-44bf-971c-73d0140ca6bb.png?v=20160209.1158
1,27 €
158,75 € / kg

Cayenne&#39;i pipar SANTA MARIA prk, 32g
https://www.e-maxima.ee/SiteImages/Inventory/b/5/7/b57be918-25dd-444f-b3f8-b91fc7c94736.png?v=20160209.1158
1,19 €
37,19 € / kg

Purust. must pipar SANTA MARIA prk, 38g
https://www.e-maxima.ee/SiteImages/Inventory/a/c/6/ac6fc8cd-1fa9-408c-bdcc-543acc7c4bef.png?v=20160209.1158
1,85 €
48,68 € / kg

Pizzamaitseaine SANTA MARIA 5g
https://www.e-maxima.ee/SiteImages/Inventory/2/2/2/222b8f63-c714-409a-8d2b-f2bd894a7193.png?v=20160209.1158
0,57 €
114,00 € / kg

Jahvatatud paprika SANTA MARIA, 22g
https://www.e-maxima.ee/SiteImages/Inventory/7/b/e/7bee8610-b682-458e-a4fc-fb813b0c6b97.png?v=20160209.1158
0,59 €
26,82 € / kg

Loorber SANTA MARIA, 4g
https://www.e-maxima.ee/SiteImages/Inventory/6/f/6/6f63735e-47eb-4bb3-9134-a8d2f131dd1a.png?v=20160209.1158
0,95 €
237,50 € / kg

Liha üldmaitseaine SANTA MARIA ECO 70g
https://www.e-maxima.ee/SiteImages/Inventory/f/c/4/fc44019a-3ccd-4022-a489-eae4f2a11dd6.png?v=20160209.1158
0,96 €
13,71 € / kg

Kartulimaitseaine SANTA MARIA ECO 70g
https://www.e-maxima.ee/SiteImages/Inventory/3/f/c/3fc7f3cd-1d4c-4b0c-ae7e-4b9d083d7d86.png?v=20160209.1158
0,95 €
13,57 € / kg

Sidrunipipar SANTA MARIA ECO, 60g
https://www.e-maxima.ee/SiteImages/Inventory/0/b/0/0b04f87e-8010-43f2-860a-e4f9a2aaf934.png?v=20160209.1158
1,15 €
19,17 € / kg

Broilerimaitseaine SANTA MARIA ECO 60g
https://www.e-maxima.ee/SiteImages/Inventory/f/3/2/f32dbd6f-beb0-4af9-ac7b-c7b6848bddbe.png?v=20160209.1158
0,99 €
16,50 € / kg

Maitseainesegu VEGETA 500g
https://www.e-maxima.ee/SiteImages/Inventory/e/7/8/e7890860-cc55-4d19-a6a6-cd28b48a470c.png?v=20160209.1158
4,15 €
8,30 € / kg

Maitseainesegu VEGETA 250g
https://www.e-maxima.ee/SiteImages/Inventory/e/8/1/e81c6f3a-50d8-4c4c-8799-a7319fec15ac.png?v=20160209.1158
1,75 €
7,00 € / kg

Liha üldmaitseaine SANTA MARIA 35g
https://www.e-maxima.ee/SiteImages/Inventory/4/4/8/4480c9ad-5883-415a-8e19-4b6d96668ea1.png?v=20160209.1158
0,63 €
18,00 € / kg

Hakklihamaitseaine SANTA MARIA 30g
https://www.e-maxima.ee/SiteImages/Inventory/a/1/0/a10bf096-ae4b-4d1c-9fd5-eb54c3a04393.png?v=20160209.1158
0,63 €
21,00 € / kg

Tuline lihamaitseaine SANTA MARIA 20g
https://www.e-maxima.ee/SiteImages/Inventory/6/1/2/61268a65-7dae-45c3-8329-3bcf0a53a3cc.png?v=20160209.1158
0,65 €
32,50 € / kg

Guljašimaitseaine SANTA MARIA 40g
https://www.e-maxima.ee/SiteImages/Inventory/4/0/d/40dba44b-d9b6-4c6b-a971-0cd0fd5f36d2.png?v=20160209.1158
0,65 €
16,25 € / kg

Kaneelikoor SANTA MARIA 17g
https://www.e-maxima.ee/SiteImages/Inventory/4/4/a/44a46004-dec2-4807-8115-f12cb1e67dd5.png?v=20160209.1158
0,95 €
55,88 € / kg

Mädarõigas MINU 180g
https://www.e-maxima.ee/SiteImages/Inventory/d/d/6/dd603feb-7fc3-4822-8f45-b373c89daa8b.png?v=20160209.1158
0,62 €
3,44 € / kg

Mädarõigas Kodune FELIX 220g
https://www.e-maxima.ee/SiteImages/Inventory/b/a/2/ba241312-a063-4f94-bc35-9b8e121a6fff.png?v=20160209.1158
1,19 €
5,41 € / kg

Mädarõikakaste FELIX 250g
https://www.e-maxima.ee/SiteImages/Inventory/c/2/6/c2697fc4-3287-4cb5-86d3-bd41ca8d67a4.png?v=20160209.1158
1,79 €
7,16 € / kg

Sojakaste VITANA 200g
https://www.e-maxima.ee/SiteImages/Inventory/d/9/8/d9813f78-9b6d-4c3c-9b01-6f750abc88bb.png?v=20160209.1158
0,98 €
4,90 € / kg

Hiina sojakaste CHAIN KWO 750g
https://www.e-maxima.ee/SiteImages/Inventory/e/f/d/efd4e350-0945-4125-aea6-5ec1cfa241ef.png?v=20160209.1158
1,88 €
2,51 € / kg

Hiina tume sojakaste CHAIN KWO 150ml
https://www.e-maxima.ee/SiteImages/Inventory/4/7/3/473915ef-c968-4f65-ac07-3f6b7060ab50.png?v=20160209.1158
0,90 €
6,00 € / l

Hiina sojakaste CHAIN KWO 150g
https://www.e-maxima.ee/SiteImages/Inventory/c/a/3/ca3b5cb9-dcb9-4a7a-a336-f10eb3e47f10.png?v=20160209.1158
1,04 €
6,93 € / kg

Sojakaste HEINZ 150ml
https://www.e-maxima.ee/SiteImages/Inventory/d/4/f/d4f8019c-b21c-4f66-97a1-4a3429cd4c18.png?v=20160209.1158
1,65 €
11,00 € / l

Põltsamaa sinep FELIX 65g
https://www.e-maxima.ee/SiteImages/Inventory/0/0/a/00a05acc-3f7a-464c-89ae-0542e92f5bf6.png?v=20160209.1158
0,61 €
9,38 € / kg

Sinep kange MAADLEX 75g
https://www.e-maxima.ee/SiteImages/Inventory/7/6/3/7630fc80-b324-49d2-87c5-278b11f01f40.png?v=20160209.1158
0,60 €
8,00 € / kg

Teraline sinep BOUTON D&#39;OR 350g
https://www.e-maxima.ee/SiteImages/Inventory/0/8/b/08b915ab-cc65-425b-937f-86ed58ade92b.png?v=20160209.1158
1,39 €
3,97 € / kg

Dijoni sinep BOUTON D&#39;OR 370g
https://www.e-maxima.ee/SiteImages/Inventory/7/f/3/7f3d2061-722d-4f8e-b286-e9970975ccfd.png?v=20160209.1158
1,29 €
3,49 € / kg

Sinep TONOLI 250g
https://www.e-maxima.ee/SiteImages/Inventory/5/1/0/5107fb5c-5f40-4979-a8a8-f9b9e22dc724.png?v=20160209.1158
1,19 €
4,76 € / kg

Sinep prantsuse moodiMAXIMA FAVORIT 170g
https://www.e-maxima.ee/SiteImages/Inventory/0/7/8/078dc605-6030-4c39-9af7-63e92f035df5.png?v=20160209.1158
0,49 €
2,88 € / kg

Mahedamaitseline sinep PÕLTSAMAA 170g
https://www.e-maxima.ee/SiteImages/Inventory/7/6/2/762181fa-f3d0-4f3a-9499-f5a7593e5b7a.png?v=20160209.1158
1,49 €
8,76 € / kg

Sinep magus MEIRA 480g
https://www.e-maxima.ee/SiteImages/Inventory/2/4/6/246c5b96-046e-4b31-96cf-c975b88a2368.png?v=20160209.1158
2,79 €
5,81 € / kg

Sinep traditsiooniline MEIRA 500g
https://www.e-maxima.ee/SiteImages/Inventory/b/e/e/beeaaa46-82c2-42e7-9dd1-4fb16638348d.png?v=20160209.1158
1,99 €
3,98 € / kg

Õunaäädikas 6% 1L
https://www.e-maxima.ee/SiteImages/Inventory/a/0/e/a0e6524a-2af3-44b0-ad2d-e8c5b1b841a8.png?v=20160209.1158
1,75 €
1,75 € / l

Valge veini äädikas KUHNE 6% 250ml
https://www.e-maxima.ee/SiteImages/Inventory/1/5/3/1539578f-5269-475a-909e-e15b170875ff.png?v=20160209.1158
1,19 €
4,76 € / l

Palsamiäädikas Klassik.FINI Modena 250ml
https://www.e-maxima.ee/SiteImages/Inventory/1/a/0/1a0f0280-536c-4564-a768-8b24e8045bb0.png?v=20160209.1158
2,42 €
9,68 € / l

Söögiäädikas 30% 0,3L
https://www.e-maxima.ee/SiteImages/Inventory/e/0/f/e0f0b2bf-0d4f-4b22-b5c2-2d521469b6f9.png?v=20160209.1158
0,56 €
1,87 € / l

Sidrunimahla kontsentraat LIMONINO 100ml
https://www.e-maxima.ee/SiteImages/Inventory/1/1/7/117b4127-ca14-4c8b-bef0-f28137835f09.png?v=20160209.1158
0,50 €
5,00 € / l

Sitsiilia roh.sidr.mahl LAZY LEMON 125ml
https://www.e-maxima.ee/SiteImages/Inventory/4/a/0/4a04589c-e1c7-4b61-b267-f5f6d3fd775f.png?v=20160209.1158
0,56 €
4,48 € / l

Söögiäädikas MAADLEX 30% 330ml
https://www.e-maxima.ee/SiteImages/Inventory/a/a/7/aa7733d7-2cc3-4b72-a99b-96b0f880b2e6.png?v=20160209.1158
0,46 €
1,39 € / l

Söögiäädikas MAADLEX 30% 500ml
https://www.e-maxima.ee/SiteImages/Inventory/f/7/c/f7c28d0c-cbf6-425d-b87f-5bfbb2ac441c.png?v=20160209.1158
0,73 €
1,46 € / l

Söögiäädikas OPTIMA LINIJA 30% 500ml
https://www.e-maxima.ee/SiteImages/Inventory/3/9/6/396a262f-8532-4f4a-8ea6-5b616ee97872.png?v=20160209.1158
0,66 €
1,32 € / l

Söögiäädikhape OPTIMA LINIJA 9% 1L
https://www.e-maxima.ee/SiteImages/Inventory/8/3/0/8302fd0b-a164-4ff1-b361-f4c8701417a1.png?v=20160209.1158
0,59 €
0,59 € / l

Kiuidainerikkad dieetküpsisedGULLON170g
https://www.e-maxima.ee/SiteImages/Inventory/2/2/f/22f170e7-04fb-4272-9283-4c7e5aefb89d.png?v=20160209.1158
1,55 €
9,12 € / kg

Suhkruvabad vahvlid GULLON 70g
https://www.e-maxima.ee/SiteImages/Inventory/9/1/6/9169bf5e-1e10-4077-a43e-02e11ca72897.png?v=20160209.1158
0,79 €
11,29 € / kg

Karamell vaarikama. suhkruvaba N.RUTA50g
https://www.e-maxima.ee/SiteImages/Inventory/b/6/4/b642b1d8-b1b0-4e86-a458-f795d37ad982.png?v=20160209.1158
0,63 €
12,60 € / kg

Kompvekid Ieva N.RUTA 150g
https://www.e-maxima.ee/SiteImages/Inventory/c/4/e/c4e6cf88-7742-49d8-824f-8ed98fd2f657.png?v=20160209.1158
1,05 €
7,00 € / kg

Mahemaisivahvlid BIOGRENO 100g
https://www.e-maxima.ee/SiteImages/Inventory/1/1/3/113d7e54-1301-4004-8076-4dde5cae5a90.png?v=20160209.1158
1,74 €
17,40 € / kg

Tume šokolaad Classic DIANELLA 50g
https://www.e-maxima.ee/SiteImages/Inventory/a/9/d/a9d2b5b5-2bf7-432e-bad6-20e58f5e17ff.png?v=20160209.1158
0,63 €
12,60 € / kg

Piimašokolaad Classic DIANELLA 50g
https://www.e-maxima.ee/SiteImages/Inventory/b/d/6/bd6f5c05-b666-4222-a62a-4fe351f82bda.png?v=20160209.1158
0,63 €
12,60 € / kg

Piimašok. metsapähkl.Classic DIANELLA50g
https://www.e-maxima.ee/SiteImages/Inventory/9/7/6/976bab1a-c15c-4ea2-a60e-8ed22cfe2619.png?v=20160209.1158
0,63 €
12,60 € / kg

Aprikoosimoos Extra light GÖBBER 430g
https://www.e-maxima.ee/SiteImages/Inventory/5/9/b/59bb7712-74c2-4ca2-bef7-ac3788f9ddee.png?v=20160209.1158
1,99 €
4,63 € / kg

Maasikamoos Extra light GÖBBER 430g
https://www.e-maxima.ee/SiteImages/Inventory/c/d/c/cdcb2bba-e4a1-49fd-8bdc-869b819a59c9.png?v=20160209.1158
1,99 €
4,63 € / kg

Kirsimoos Extra light GÖBBER 430g
https://www.e-maxima.ee/SiteImages/Inventory/0/a/4/0a4af2e5-c814-4308-94bc-6d0968b61be7.png?v=20160209.1158
1,99 €
4,63 € / kg

Koorekom.cappuc.Werther&#39;sOrig.STORCK 42g
https://www.e-maxima.ee/SiteImages/Inventory/1/e/3/1e30b0b8-f8bd-44c1-a883-4c9c87e995d5.png?v=20160209.1158
1,45 €
34,52 € / kg

Koorekompv.õuna Werther&#39;sOrig.STORCK 42g
https://www.e-maxima.ee/SiteImages/Inventory/3/a/a/3aa2e3f9-29e3-46a2-8ff0-2d30b907e251.png?v=20160209.1158
1,45 €
34,52 € / kg

BIO küpsis.seesamiga Kamut CASA MILO150g
https://www.e-maxima.ee/SiteImages/Inventory/0/0/3/003ef772-bd7d-487b-a02f-1f0e3da3eaac.png?v=20160209.1158
3,99 €
26,60 € / kg

